%YAML 1.1
%TAG !u! tag:unity3d.com,2011:
--- !u!1 &1047483159209574718
GameObject:
  m_ObjectHideFlags: 0
  m_CorrespondingSourceObject: {fileID: 0}
  m_PrefabInstance: {fileID: 0}
  m_PrefabAsset: {fileID: 0}
  serializedVersion: 6
  m_Component:
  - component: {fileID: 1225107849390337691}
  m_Layer: 0
  m_Name: 'Walls + Door '
  m_TagString: Untagged
  m_Icon: {fileID: 0}
  m_NavMeshLayer: 0
  m_StaticEditorFlags: 0
  m_IsActive: 1
--- !u!4 &1225107849390337691
Transform:
  m_ObjectHideFlags: 0
  m_CorrespondingSourceObject: {fileID: 0}
  m_PrefabInstance: {fileID: 0}
  m_PrefabAsset: {fileID: 0}
  m_GameObject: {fileID: 1047483159209574718}
  m_LocalRotation: {x: -0, y: -0, z: -0, w: 1}
  m_LocalPosition: {x: 23.547882, y: 1.5112143, z: -6.2584095}
  m_LocalScale: {x: 1, y: 1, z: 1}
  m_Children:
  - {fileID: 478283935102753157}
  - {fileID: 6691384052349933102}
  - {fileID: 4879628134684630453}
  - {fileID: 1515601743946342583}
  - {fileID: 5624706920751501988}
  - {fileID: 4409737285958884153}
  - {fileID: 8472139457042283240}
  m_Father: {fileID: 7996216545187692162}
  m_RootOrder: 2
  m_LocalEulerAnglesHint: {x: 0, y: 0, z: 0}
--- !u!1 &2267558713191972763
GameObject:
  m_ObjectHideFlags: 0
  m_CorrespondingSourceObject: {fileID: 0}
  m_PrefabInstance: {fileID: 0}
  m_PrefabAsset: {fileID: 0}
  serializedVersion: 6
  m_Component:
  - component: {fileID: 2186915210340358896}
  m_Layer: 0
  m_Name: Floor
  m_TagString: Untagged
  m_Icon: {fileID: 0}
  m_NavMeshLayer: 0
  m_StaticEditorFlags: 0
  m_IsActive: 1
--- !u!4 &2186915210340358896
Transform:
  m_ObjectHideFlags: 0
  m_CorrespondingSourceObject: {fileID: 0}
  m_PrefabInstance: {fileID: 0}
  m_PrefabAsset: {fileID: 0}
  m_GameObject: {fileID: 2267558713191972763}
  m_LocalRotation: {x: -0, y: -0, z: -0, w: 1}
  m_LocalPosition: {x: 26.384861, y: -1.3413601, z: -10.555866}
  m_LocalScale: {x: 1, y: 1, z: 1}
  m_Children:
  - {fileID: 2814167170411444047}
  - {fileID: 7413576367209730309}
  - {fileID: 4034605935428541655}
  m_Father: {fileID: 7996216545187692162}
  m_RootOrder: 0
  m_LocalEulerAnglesHint: {x: 0, y: 0, z: 0}
--- !u!1 &4016890402520339590
GameObject:
  m_ObjectHideFlags: 0
  m_CorrespondingSourceObject: {fileID: 0}
  m_PrefabInstance: {fileID: 0}
  m_PrefabAsset: {fileID: 0}
  serializedVersion: 6
  m_Component:
  - component: {fileID: 3280510942340513424}
  - component: {fileID: 8567876682125860492}
  - component: {fileID: 4454853156992098307}
  - component: {fileID: 2454830643096348422}
  m_Layer: 0
  m_Name: Plane (2)
  m_TagString: Untagged
  m_Icon: {fileID: 0}
  m_NavMeshLayer: 0
  m_StaticEditorFlags: 40
  m_IsActive: 1
--- !u!4 &3280510942340513424
Transform:
  m_ObjectHideFlags: 0
  m_CorrespondingSourceObject: {fileID: 0}
  m_PrefabInstance: {fileID: 0}
  m_PrefabAsset: {fileID: 0}
  m_GameObject: {fileID: 4016890402520339590}
  m_LocalRotation: {x: 0, y: 0, z: 1, w: 0}
  m_LocalPosition: {x: -18.341862, y: 0.59621006, z: 10.973866}
  m_LocalScale: {x: 1.5437042, y: 1, z: 1.0237274}
  m_Children: []
  m_Father: {fileID: 8411558317774635675}
  m_RootOrder: 2
  m_LocalEulerAnglesHint: {x: 0, y: 0, z: 180}
--- !u!33 &8567876682125860492
MeshFilter:
  m_ObjectHideFlags: 0
  m_CorrespondingSourceObject: {fileID: 0}
  m_PrefabInstance: {fileID: 0}
  m_PrefabAsset: {fileID: 0}
  m_GameObject: {fileID: 4016890402520339590}
  m_Mesh: {fileID: 10209, guid: 0000000000000000e000000000000000, type: 0}
--- !u!23 &4454853156992098307
MeshRenderer:
  m_ObjectHideFlags: 0
  m_CorrespondingSourceObject: {fileID: 0}
  m_PrefabInstance: {fileID: 0}
  m_PrefabAsset: {fileID: 0}
  m_GameObject: {fileID: 4016890402520339590}
  m_Enabled: 1
  m_CastShadows: 1
  m_ReceiveShadows: 1
  m_DynamicOccludee: 1
  m_MotionVectors: 1
  m_LightProbeUsage: 1
  m_ReflectionProbeUsage: 1
  m_RayTracingMode: 2
  m_RenderingLayerMask: 1
  m_RendererPriority: 0
  m_Materials:
  - {fileID: 2100000, guid: c28178c3cda153149981e8c20940116f, type: 2}
  m_StaticBatchInfo:
    firstSubMesh: 0
    subMeshCount: 0
  m_StaticBatchRoot: {fileID: 0}
  m_ProbeAnchor: {fileID: 0}
  m_LightProbeVolumeOverride: {fileID: 0}
  m_ScaleInLightmap: 1
  m_ReceiveGI: 1
  m_PreserveUVs: 0
  m_IgnoreNormalsForChartDetection: 0
  m_ImportantGI: 0
  m_StitchLightmapSeams: 1
  m_SelectedEditorRenderState: 3
  m_MinimumChartSize: 4
  m_AutoUVMaxDistance: 0.5
  m_AutoUVMaxAngle: 89
  m_LightmapParameters: {fileID: 0}
  m_SortingLayerID: 0
  m_SortingLayer: 0
  m_SortingOrder: 0
--- !u!64 &2454830643096348422
MeshCollider:
  m_ObjectHideFlags: 0
  m_CorrespondingSourceObject: {fileID: 0}
  m_PrefabInstance: {fileID: 0}
  m_PrefabAsset: {fileID: 0}
  m_GameObject: {fileID: 4016890402520339590}
  m_Material: {fileID: 0}
  m_IsTrigger: 0
  m_Enabled: 1
  serializedVersion: 4
  m_Convex: 0
  m_CookingOptions: 30
  m_Mesh: {fileID: 10209, guid: 0000000000000000e000000000000000, type: 0}
--- !u!1 &4950538290569388852
GameObject:
  m_ObjectHideFlags: 0
  m_CorrespondingSourceObject: {fileID: 0}
  m_PrefabInstance: {fileID: 0}
  m_PrefabAsset: {fileID: 0}
  serializedVersion: 6
  m_Component:
  - component: {fileID: 7413576367209730309}
  - component: {fileID: 67328721191727671}
  - component: {fileID: 667980633916637324}
  - component: {fileID: 612404218904455318}
  m_Layer: 0
  m_Name: Plane (1)
  m_TagString: Untagged
  m_Icon: {fileID: 0}
  m_NavMeshLayer: 0
  m_StaticEditorFlags: 40
  m_IsActive: 1
--- !u!4 &7413576367209730309
Transform:
  m_ObjectHideFlags: 0
  m_CorrespondingSourceObject: {fileID: 0}
  m_PrefabInstance: {fileID: 0}
  m_PrefabAsset: {fileID: 0}
  m_GameObject: {fileID: 4950538290569388852}
  m_LocalRotation: {x: -0, y: -0, z: -0, w: 1}
  m_LocalPosition: {x: -18.341862, y: 0.59621006, z: 0.736866}
  m_LocalScale: {x: 1.5437042, y: 1, z: 1.0237274}
  m_Children: []
  m_Father: {fileID: 2186915210340358896}
  m_RootOrder: 1
  m_LocalEulerAnglesHint: {x: 0, y: 0, z: 0}
--- !u!33 &67328721191727671
MeshFilter:
  m_ObjectHideFlags: 0
  m_CorrespondingSourceObject: {fileID: 0}
  m_PrefabInstance: {fileID: 0}
  m_PrefabAsset: {fileID: 0}
  m_GameObject: {fileID: 4950538290569388852}
  m_Mesh: {fileID: 10209, guid: 0000000000000000e000000000000000, type: 0}
--- !u!23 &667980633916637324
MeshRenderer:
  m_ObjectHideFlags: 0
  m_CorrespondingSourceObject: {fileID: 0}
  m_PrefabInstance: {fileID: 0}
  m_PrefabAsset: {fileID: 0}
  m_GameObject: {fileID: 4950538290569388852}
  m_Enabled: 1
  m_CastShadows: 1
  m_ReceiveShadows: 1
  m_DynamicOccludee: 1
  m_MotionVectors: 1
  m_LightProbeUsage: 1
  m_ReflectionProbeUsage: 1
  m_RayTracingMode: 2
  m_RenderingLayerMask: 1
  m_RendererPriority: 0
  m_Materials:
  - {fileID: 2100000, guid: c28178c3cda153149981e8c20940116f, type: 2}
  m_StaticBatchInfo:
    firstSubMesh: 0
    subMeshCount: 0
  m_StaticBatchRoot: {fileID: 0}
  m_ProbeAnchor: {fileID: 0}
  m_LightProbeVolumeOverride: {fileID: 0}
  m_ScaleInLightmap: 1
  m_ReceiveGI: 1
  m_PreserveUVs: 0
  m_IgnoreNormalsForChartDetection: 0
  m_ImportantGI: 0
  m_StitchLightmapSeams: 1
  m_SelectedEditorRenderState: 3
  m_MinimumChartSize: 4
  m_AutoUVMaxDistance: 0.5
  m_AutoUVMaxAngle: 89
  m_LightmapParameters: {fileID: 0}
  m_SortingLayerID: 0
  m_SortingLayer: 0
  m_SortingOrder: 0
--- !u!64 &612404218904455318
MeshCollider:
  m_ObjectHideFlags: 0
  m_CorrespondingSourceObject: {fileID: 0}
  m_PrefabInstance: {fileID: 0}
  m_PrefabAsset: {fileID: 0}
  m_GameObject: {fileID: 4950538290569388852}
  m_Material: {fileID: 0}
  m_IsTrigger: 0
  m_Enabled: 1
  serializedVersion: 4
  m_Convex: 0
  m_CookingOptions: 30
  m_Mesh: {fileID: 10209, guid: 0000000000000000e000000000000000, type: 0}
--- !u!1 &5331598731462714275
GameObject:
  m_ObjectHideFlags: 0
  m_CorrespondingSourceObject: {fileID: 0}
  m_PrefabInstance: {fileID: 0}
  m_PrefabAsset: {fileID: 0}
  serializedVersion: 6
  m_Component:
  - component: {fileID: 4034605935428541655}
  - component: {fileID: 8185742449160647624}
  - component: {fileID: 6976041040024094903}
  - component: {fileID: 4377792890426601235}
  m_Layer: 0
  m_Name: Plane (2)
  m_TagString: Untagged
  m_Icon: {fileID: 0}
  m_NavMeshLayer: 0
  m_StaticEditorFlags: 40
  m_IsActive: 1
--- !u!4 &4034605935428541655
Transform:
  m_ObjectHideFlags: 0
  m_CorrespondingSourceObject: {fileID: 0}
  m_PrefabInstance: {fileID: 0}
  m_PrefabAsset: {fileID: 0}
  m_GameObject: {fileID: 5331598731462714275}
  m_LocalRotation: {x: -0, y: -0, z: -0, w: 1}
  m_LocalPosition: {x: -18.341862, y: 0.59621006, z: 10.973866}
  m_LocalScale: {x: 1.5437042, y: 1, z: 1.0237274}
  m_Children: []
  m_Father: {fileID: 2186915210340358896}
  m_RootOrder: 2
  m_LocalEulerAnglesHint: {x: 0, y: 0, z: 0}
--- !u!33 &8185742449160647624
MeshFilter:
  m_ObjectHideFlags: 0
  m_CorrespondingSourceObject: {fileID: 0}
  m_PrefabInstance: {fileID: 0}
  m_PrefabAsset: {fileID: 0}
  m_GameObject: {fileID: 5331598731462714275}
  m_Mesh: {fileID: 10209, guid: 0000000000000000e000000000000000, type: 0}
--- !u!23 &6976041040024094903
MeshRenderer:
  m_ObjectHideFlags: 0
  m_CorrespondingSourceObject: {fileID: 0}
  m_PrefabInstance: {fileID: 0}
  m_PrefabAsset: {fileID: 0}
  m_GameObject: {fileID: 5331598731462714275}
  m_Enabled: 1
  m_CastShadows: 1
  m_ReceiveShadows: 1
  m_DynamicOccludee: 1
  m_MotionVectors: 1
  m_LightProbeUsage: 1
  m_ReflectionProbeUsage: 1
  m_RayTracingMode: 2
  m_RenderingLayerMask: 1
  m_RendererPriority: 0
  m_Materials:
  - {fileID: 2100000, guid: c28178c3cda153149981e8c20940116f, type: 2}
  m_StaticBatchInfo:
    firstSubMesh: 0
    subMeshCount: 0
  m_StaticBatchRoot: {fileID: 0}
  m_ProbeAnchor: {fileID: 0}
  m_LightProbeVolumeOverride: {fileID: 0}
  m_ScaleInLightmap: 1
  m_ReceiveGI: 1
  m_PreserveUVs: 0
  m_IgnoreNormalsForChartDetection: 0
  m_ImportantGI: 0
  m_StitchLightmapSeams: 1
  m_SelectedEditorRenderState: 3
  m_MinimumChartSize: 4
  m_AutoUVMaxDistance: 0.5
  m_AutoUVMaxAngle: 89
  m_LightmapParameters: {fileID: 0}
  m_SortingLayerID: 0
  m_SortingLayer: 0
  m_SortingOrder: 0
--- !u!64 &4377792890426601235
MeshCollider:
  m_ObjectHideFlags: 0
  m_CorrespondingSourceObject: {fileID: 0}
  m_PrefabInstance: {fileID: 0}
  m_PrefabAsset: {fileID: 0}
  m_GameObject: {fileID: 5331598731462714275}
  m_Material: {fileID: 0}
  m_IsTrigger: 0
  m_Enabled: 1
  serializedVersion: 4
  m_Convex: 0
  m_CookingOptions: 30
  m_Mesh: {fileID: 10209, guid: 0000000000000000e000000000000000, type: 0}
--- !u!1 &5755253612783186639
GameObject:
  m_ObjectHideFlags: 0
  m_CorrespondingSourceObject: {fileID: 0}
  m_PrefabInstance: {fileID: 0}
  m_PrefabAsset: {fileID: 0}
  serializedVersion: 6
  m_Component:
  - component: {fileID: 4628566893694628161}
  m_Layer: 0
  m_Name: Lamps
  m_TagString: Untagged
  m_Icon: {fileID: 0}
  m_NavMeshLayer: 0
  m_StaticEditorFlags: 0
  m_IsActive: 1
--- !u!4 &4628566893694628161
Transform:
  m_ObjectHideFlags: 0
  m_CorrespondingSourceObject: {fileID: 0}
  m_PrefabInstance: {fileID: 0}
  m_PrefabAsset: {fileID: 0}
  m_GameObject: {fileID: 5755253612783186639}
  m_LocalRotation: {x: -0, y: -0, z: -0, w: 1}
  m_LocalPosition: {x: 0, y: -0.25, z: 7}
  m_LocalScale: {x: 1, y: 1, z: 1}
  m_Children:
  - {fileID: 7452841588706904355}
  - {fileID: 7145956987991997118}
  - {fileID: 28818053771862759}
  - {fileID: 4463908315738650299}
  - {fileID: 7989037970578852373}
  - {fileID: 8596263318706057418}
  - {fileID: 1976173737869916822}
  - {fileID: 5445699221768615305}
  m_Father: {fileID: 7996216545187692162}
  m_RootOrder: 1
  m_LocalEulerAnglesHint: {x: 0, y: 0, z: 0}
--- !u!1 &6109163385827598391
GameObject:
  m_ObjectHideFlags: 0
  m_CorrespondingSourceObject: {fileID: 0}
  m_PrefabInstance: {fileID: 0}
  m_PrefabAsset: {fileID: 0}
  serializedVersion: 6
  m_Component:
  - component: {fileID: 2814167170411444047}
  - component: {fileID: 3923045848085264776}
  - component: {fileID: 3172222820216766425}
  - component: {fileID: 3895501393693100944}
  m_Layer: 0
  m_Name: Plane
  m_TagString: Untagged
  m_Icon: {fileID: 0}
  m_NavMeshLayer: 0
  m_StaticEditorFlags: 40
  m_IsActive: 1
--- !u!4 &2814167170411444047
Transform:
  m_ObjectHideFlags: 0
  m_CorrespondingSourceObject: {fileID: 0}
  m_PrefabInstance: {fileID: 0}
  m_PrefabAsset: {fileID: 0}
  m_GameObject: {fileID: 6109163385827598391}
  m_LocalRotation: {x: -0, y: -0, z: -0, w: 1}
  m_LocalPosition: {x: -18.341862, y: 0.59621006, z: -9.5001335}
  m_LocalScale: {x: 1.5437042, y: 1, z: 1.0237274}
  m_Children: []
  m_Father: {fileID: 2186915210340358896}
  m_RootOrder: 0
  m_LocalEulerAnglesHint: {x: 0, y: 0, z: 0}
--- !u!33 &3923045848085264776
MeshFilter:
  m_ObjectHideFlags: 0
  m_CorrespondingSourceObject: {fileID: 0}
  m_PrefabInstance: {fileID: 0}
  m_PrefabAsset: {fileID: 0}
  m_GameObject: {fileID: 6109163385827598391}
  m_Mesh: {fileID: 10209, guid: 0000000000000000e000000000000000, type: 0}
--- !u!23 &3172222820216766425
MeshRenderer:
  m_ObjectHideFlags: 0
  m_CorrespondingSourceObject: {fileID: 0}
  m_PrefabInstance: {fileID: 0}
  m_PrefabAsset: {fileID: 0}
  m_GameObject: {fileID: 6109163385827598391}
  m_Enabled: 1
  m_CastShadows: 1
  m_ReceiveShadows: 1
  m_DynamicOccludee: 1
  m_MotionVectors: 1
  m_LightProbeUsage: 1
  m_ReflectionProbeUsage: 1
  m_RayTracingMode: 2
  m_RenderingLayerMask: 1
  m_RendererPriority: 0
  m_Materials:
  - {fileID: 2100000, guid: c28178c3cda153149981e8c20940116f, type: 2}
  m_StaticBatchInfo:
    firstSubMesh: 0
    subMeshCount: 0
  m_StaticBatchRoot: {fileID: 0}
  m_ProbeAnchor: {fileID: 0}
  m_LightProbeVolumeOverride: {fileID: 0}
  m_ScaleInLightmap: 1
  m_ReceiveGI: 1
  m_PreserveUVs: 0
  m_IgnoreNormalsForChartDetection: 0
  m_ImportantGI: 0
  m_StitchLightmapSeams: 1
  m_SelectedEditorRenderState: 3
  m_MinimumChartSize: 4
  m_AutoUVMaxDistance: 0.5
  m_AutoUVMaxAngle: 89
  m_LightmapParameters: {fileID: 0}
  m_SortingLayerID: 0
  m_SortingLayer: 0
  m_SortingOrder: 0
--- !u!64 &3895501393693100944
MeshCollider:
  m_ObjectHideFlags: 0
  m_CorrespondingSourceObject: {fileID: 0}
  m_PrefabInstance: {fileID: 0}
  m_PrefabAsset: {fileID: 0}
  m_GameObject: {fileID: 6109163385827598391}
  m_Material: {fileID: 0}
  m_IsTrigger: 0
  m_Enabled: 1
  serializedVersion: 4
  m_Convex: 0
  m_CookingOptions: 30
  m_Mesh: {fileID: 10209, guid: 0000000000000000e000000000000000, type: 0}
--- !u!1 &6365023965695880861
GameObject:
  m_ObjectHideFlags: 0
  m_CorrespondingSourceObject: {fileID: 0}
  m_PrefabInstance: {fileID: 0}
  m_PrefabAsset: {fileID: 0}
  serializedVersion: 6
  m_Component:
  - component: {fileID: 7235810100840554687}
  - component: {fileID: 5958797765568424050}
  - component: {fileID: 2006295329787284517}
  - component: {fileID: 2568330568161934453}
  m_Layer: 0
  m_Name: Plane
  m_TagString: Untagged
  m_Icon: {fileID: 0}
  m_NavMeshLayer: 0
  m_StaticEditorFlags: 40
  m_IsActive: 1
--- !u!4 &7235810100840554687
Transform:
  m_ObjectHideFlags: 0
  m_CorrespondingSourceObject: {fileID: 0}
  m_PrefabInstance: {fileID: 0}
  m_PrefabAsset: {fileID: 0}
  m_GameObject: {fileID: 6365023965695880861}
  m_LocalRotation: {x: 0, y: 0, z: 1, w: 0}
  m_LocalPosition: {x: -18.341862, y: 0.59621006, z: -9.5001335}
  m_LocalScale: {x: 1.5437042, y: 1, z: 1.0237274}
  m_Children: []
  m_Father: {fileID: 8411558317774635675}
  m_RootOrder: 0
  m_LocalEulerAnglesHint: {x: 0, y: 0, z: 180}
--- !u!33 &5958797765568424050
MeshFilter:
  m_ObjectHideFlags: 0
  m_CorrespondingSourceObject: {fileID: 0}
  m_PrefabInstance: {fileID: 0}
  m_PrefabAsset: {fileID: 0}
  m_GameObject: {fileID: 6365023965695880861}
  m_Mesh: {fileID: 10209, guid: 0000000000000000e000000000000000, type: 0}
--- !u!23 &2006295329787284517
MeshRenderer:
  m_ObjectHideFlags: 0
  m_CorrespondingSourceObject: {fileID: 0}
  m_PrefabInstance: {fileID: 0}
  m_PrefabAsset: {fileID: 0}
  m_GameObject: {fileID: 6365023965695880861}
  m_Enabled: 1
  m_CastShadows: 1
  m_ReceiveShadows: 1
  m_DynamicOccludee: 1
  m_MotionVectors: 1
  m_LightProbeUsage: 1
  m_ReflectionProbeUsage: 1
  m_RayTracingMode: 2
  m_RenderingLayerMask: 1
  m_RendererPriority: 0
  m_Materials:
  - {fileID: 2100000, guid: c28178c3cda153149981e8c20940116f, type: 2}
  m_StaticBatchInfo:
    firstSubMesh: 0
    subMeshCount: 0
  m_StaticBatchRoot: {fileID: 0}
  m_ProbeAnchor: {fileID: 0}
  m_LightProbeVolumeOverride: {fileID: 0}
  m_ScaleInLightmap: 1
  m_ReceiveGI: 1
  m_PreserveUVs: 0
  m_IgnoreNormalsForChartDetection: 0
  m_ImportantGI: 0
  m_StitchLightmapSeams: 1
  m_SelectedEditorRenderState: 3
  m_MinimumChartSize: 4
  m_AutoUVMaxDistance: 0.5
  m_AutoUVMaxAngle: 89
  m_LightmapParameters: {fileID: 0}
  m_SortingLayerID: 0
  m_SortingLayer: 0
  m_SortingOrder: 0
--- !u!64 &2568330568161934453
MeshCollider:
  m_ObjectHideFlags: 0
  m_CorrespondingSourceObject: {fileID: 0}
  m_PrefabInstance: {fileID: 0}
  m_PrefabAsset: {fileID: 0}
  m_GameObject: {fileID: 6365023965695880861}
  m_Material: {fileID: 0}
  m_IsTrigger: 0
  m_Enabled: 1
  serializedVersion: 4
  m_Convex: 0
  m_CookingOptions: 30
  m_Mesh: {fileID: 10209, guid: 0000000000000000e000000000000000, type: 0}
--- !u!1 &6703861935550475102
GameObject:
  m_ObjectHideFlags: 0
  m_CorrespondingSourceObject: {fileID: 0}
  m_PrefabInstance: {fileID: 0}
  m_PrefabAsset: {fileID: 0}
  serializedVersion: 6
  m_Component:
  - component: {fileID: 8411558317774635675}
  m_Layer: 0
  m_Name: Ceiling
  m_TagString: Untagged
  m_Icon: {fileID: 0}
  m_NavMeshLayer: 0
  m_StaticEditorFlags: 0
  m_IsActive: 1
--- !u!4 &8411558317774635675
Transform:
  m_ObjectHideFlags: 0
  m_CorrespondingSourceObject: {fileID: 0}
  m_PrefabInstance: {fileID: 0}
  m_PrefabAsset: {fileID: 0}
  m_GameObject: {fileID: 6703861935550475102}
  m_LocalRotation: {x: -0, y: -0, z: -0, w: 1}
  m_LocalPosition: {x: 26.384861, y: 2.64, z: -10.555866}
  m_LocalScale: {x: 1, y: 1, z: 1}
  m_Children:
  - {fileID: 7235810100840554687}
  - {fileID: 7626610944749457764}
  - {fileID: 3280510942340513424}
  m_Father: {fileID: 7996216545187692162}
  m_RootOrder: 3
  m_LocalEulerAnglesHint: {x: 0, y: 0, z: 0}
--- !u!1 &7544724705755531314
GameObject:
  m_ObjectHideFlags: 0
  m_CorrespondingSourceObject: {fileID: 0}
  m_PrefabInstance: {fileID: 0}
  m_PrefabAsset: {fileID: 0}
  serializedVersion: 6
  m_Component:
  - component: {fileID: 7626610944749457764}
  - component: {fileID: 6944988690301249484}
  - component: {fileID: 4491407081613371054}
  - component: {fileID: 6180061555011800270}
  m_Layer: 0
  m_Name: Plane (1)
  m_TagString: Untagged
  m_Icon: {fileID: 0}
  m_NavMeshLayer: 0
  m_StaticEditorFlags: 40
  m_IsActive: 1
--- !u!4 &7626610944749457764
Transform:
  m_ObjectHideFlags: 0
  m_CorrespondingSourceObject: {fileID: 0}
  m_PrefabInstance: {fileID: 0}
  m_PrefabAsset: {fileID: 0}
  m_GameObject: {fileID: 7544724705755531314}
  m_LocalRotation: {x: 0, y: 0, z: 1, w: 0}
  m_LocalPosition: {x: -18.341862, y: 0.59621006, z: 0.736866}
  m_LocalScale: {x: 1.5437042, y: 1, z: 1.0237274}
  m_Children: []
  m_Father: {fileID: 8411558317774635675}
  m_RootOrder: 1
  m_LocalEulerAnglesHint: {x: 0, y: 0, z: 180}
--- !u!33 &6944988690301249484
MeshFilter:
  m_ObjectHideFlags: 0
  m_CorrespondingSourceObject: {fileID: 0}
  m_PrefabInstance: {fileID: 0}
  m_PrefabAsset: {fileID: 0}
  m_GameObject: {fileID: 7544724705755531314}
  m_Mesh: {fileID: 10209, guid: 0000000000000000e000000000000000, type: 0}
--- !u!23 &4491407081613371054
MeshRenderer:
  m_ObjectHideFlags: 0
  m_CorrespondingSourceObject: {fileID: 0}
  m_PrefabInstance: {fileID: 0}
  m_PrefabAsset: {fileID: 0}
  m_GameObject: {fileID: 7544724705755531314}
  m_Enabled: 1
  m_CastShadows: 1
  m_ReceiveShadows: 1
  m_DynamicOccludee: 1
  m_MotionVectors: 1
  m_LightProbeUsage: 1
  m_ReflectionProbeUsage: 1
  m_RayTracingMode: 2
  m_RenderingLayerMask: 1
  m_RendererPriority: 0
  m_Materials:
  - {fileID: 2100000, guid: c28178c3cda153149981e8c20940116f, type: 2}
  m_StaticBatchInfo:
    firstSubMesh: 0
    subMeshCount: 0
  m_StaticBatchRoot: {fileID: 0}
  m_ProbeAnchor: {fileID: 0}
  m_LightProbeVolumeOverride: {fileID: 0}
  m_ScaleInLightmap: 1
  m_ReceiveGI: 1
  m_PreserveUVs: 0
  m_IgnoreNormalsForChartDetection: 0
  m_ImportantGI: 0
  m_StitchLightmapSeams: 1
  m_SelectedEditorRenderState: 3
  m_MinimumChartSize: 4
  m_AutoUVMaxDistance: 0.5
  m_AutoUVMaxAngle: 89
  m_LightmapParameters: {fileID: 0}
  m_SortingLayerID: 0
  m_SortingLayer: 0
  m_SortingOrder: 0
--- !u!64 &6180061555011800270
MeshCollider:
  m_ObjectHideFlags: 0
  m_CorrespondingSourceObject: {fileID: 0}
  m_PrefabInstance: {fileID: 0}
  m_PrefabAsset: {fileID: 0}
  m_GameObject: {fileID: 7544724705755531314}
  m_Material: {fileID: 0}
  m_IsTrigger: 0
  m_Enabled: 1
  serializedVersion: 4
  m_Convex: 0
  m_CookingOptions: 30
  m_Mesh: {fileID: 10209, guid: 0000000000000000e000000000000000, type: 0}
--- !u!1 &7996216545187692163
GameObject:
  m_ObjectHideFlags: 0
  m_CorrespondingSourceObject: {fileID: 0}
  m_PrefabInstance: {fileID: 0}
  m_PrefabAsset: {fileID: 0}
  serializedVersion: 6
  m_Component:
  - component: {fileID: 7996216545187692162}
  m_Layer: 0
  m_Name: long corner room
  m_TagString: room
  m_Icon: {fileID: 0}
  m_NavMeshLayer: 0
  m_StaticEditorFlags: 4294967295
  m_IsActive: 1
--- !u!4 &7996216545187692162
Transform:
  m_ObjectHideFlags: 0
  m_CorrespondingSourceObject: {fileID: 0}
  m_PrefabInstance: {fileID: 0}
  m_PrefabAsset: {fileID: 0}
  m_GameObject: {fileID: 7996216545187692163}
  m_LocalRotation: {x: 0, y: 0, z: 0, w: 1}
  m_LocalPosition: {x: 0, y: 0, z: 0}
  m_LocalScale: {x: 1, y: 1, z: 1}
  m_Children:
  - {fileID: 2186915210340358896}
  - {fileID: 4628566893694628161}
  - {fileID: 1225107849390337691}
  - {fileID: 8411558317774635675}
  m_Father: {fileID: 0}
  m_RootOrder: 0
  m_LocalEulerAnglesHint: {x: 0, y: 0, z: 0}
--- !u!1001 &28818053772223767
PrefabInstance:
  m_ObjectHideFlags: 0
  serializedVersion: 2
  m_Modification:
    m_TransformParent: {fileID: 4628566893694628161}
    m_Modifications:
    - target: {fileID: 107544, guid: 2fa97d29375bda64080d41087c0c107c, type: 3}
      propertyPath: m_StaticEditorFlags
      value: 4294967263
      objectReference: {fileID: 0}
    - target: {fileID: 107544, guid: 2fa97d29375bda64080d41087c0c107c, type: 3}
      propertyPath: m_NavMeshLayer
      value: 1
      objectReference: {fileID: 0}
    - target: {fileID: 179298, guid: 2fa97d29375bda64080d41087c0c107c, type: 3}
      propertyPath: m_Name
      value: Lamp (2)
      objectReference: {fileID: 0}
    - target: {fileID: 179298, guid: 2fa97d29375bda64080d41087c0c107c, type: 3}
      propertyPath: m_StaticEditorFlags
      value: 4294967263
      objectReference: {fileID: 0}
    - target: {fileID: 179298, guid: 2fa97d29375bda64080d41087c0c107c, type: 3}
      propertyPath: m_NavMeshLayer
      value: 1
      objectReference: {fileID: 0}
    - target: {fileID: 186052, guid: 2fa97d29375bda64080d41087c0c107c, type: 3}
      propertyPath: m_StaticEditorFlags
      value: 4294967263
      objectReference: {fileID: 0}
    - target: {fileID: 186052, guid: 2fa97d29375bda64080d41087c0c107c, type: 3}
      propertyPath: m_NavMeshLayer
      value: 1
      objectReference: {fileID: 0}
    - target: {fileID: 428016, guid: 2fa97d29375bda64080d41087c0c107c, type: 3}
      propertyPath: m_LocalPosition.x
      value: 10.849999
      objectReference: {fileID: 0}
    - target: {fileID: 428016, guid: 2fa97d29375bda64080d41087c0c107c, type: 3}
      propertyPath: m_LocalPosition.y
      value: 3.54
      objectReference: {fileID: 0}
    - target: {fileID: 428016, guid: 2fa97d29375bda64080d41087c0c107c, type: 3}
      propertyPath: m_LocalPosition.z
      value: -26.38
      objectReference: {fileID: 0}
    - target: {fileID: 428016, guid: 2fa97d29375bda64080d41087c0c107c, type: 3}
      propertyPath: m_LocalRotation.x
      value: 0.00000008146034
      objectReference: {fileID: 0}
    - target: {fileID: 428016, guid: 2fa97d29375bda64080d41087c0c107c, type: 3}
      propertyPath: m_LocalRotation.y
      value: -0
      objectReference: {fileID: 0}
    - target: {fileID: 428016, guid: 2fa97d29375bda64080d41087c0c107c, type: 3}
      propertyPath: m_LocalRotation.z
      value: -0
      objectReference: {fileID: 0}
    - target: {fileID: 428016, guid: 2fa97d29375bda64080d41087c0c107c, type: 3}
      propertyPath: m_LocalRotation.w
      value: 1
      objectReference: {fileID: 0}
    - target: {fileID: 428016, guid: 2fa97d29375bda64080d41087c0c107c, type: 3}
      propertyPath: m_RootOrder
      value: 2
      objectReference: {fileID: 0}
    - target: {fileID: 428016, guid: 2fa97d29375bda64080d41087c0c107c, type: 3}
      propertyPath: m_LocalEulerAnglesHint.x
      value: 0
      objectReference: {fileID: 0}
    - target: {fileID: 428016, guid: 2fa97d29375bda64080d41087c0c107c, type: 3}
      propertyPath: m_LocalEulerAnglesHint.y
      value: 0
      objectReference: {fileID: 0}
    - target: {fileID: 428016, guid: 2fa97d29375bda64080d41087c0c107c, type: 3}
      propertyPath: m_LocalEulerAnglesHint.z
      value: 0
      objectReference: {fileID: 0}
    m_RemovedComponents: []
  m_SourcePrefab: {fileID: 100100000, guid: 2fa97d29375bda64080d41087c0c107c, type: 3}
--- !u!4 &28818053771862759 stripped
Transform:
  m_CorrespondingSourceObject: {fileID: 428016, guid: 2fa97d29375bda64080d41087c0c107c,
    type: 3}
  m_PrefabInstance: {fileID: 28818053772223767}
  m_PrefabAsset: {fileID: 0}
--- !u!1001 &188468830152759060
PrefabInstance:
  m_ObjectHideFlags: 0
  serializedVersion: 2
  m_Modification:
    m_TransformParent: {fileID: 1225107849390337691}
    m_Modifications:
    - target: {fileID: 881997619724237154, guid: bdaa6b59efa531646a327875f8a0a719,
        type: 3}
      propertyPath: m_StaticEditorFlags
      value: 4294967263
      objectReference: {fileID: 0}
    - target: {fileID: 881997619724237154, guid: bdaa6b59efa531646a327875f8a0a719,
        type: 3}
      propertyPath: m_NavMeshLayer
      value: 1
      objectReference: {fileID: 0}
    - target: {fileID: 881997621589855774, guid: bdaa6b59efa531646a327875f8a0a719,
        type: 3}
      propertyPath: m_StaticEditorFlags
      value: 4294967263
      objectReference: {fileID: 0}
    - target: {fileID: 881997621589855774, guid: bdaa6b59efa531646a327875f8a0a719,
        type: 3}
      propertyPath: m_NavMeshLayer
      value: 1
      objectReference: {fileID: 0}
    - target: {fileID: 3659813852044704392, guid: bdaa6b59efa531646a327875f8a0a719,
        type: 3}
      propertyPath: m_StaticEditorFlags
      value: 4294967295
      objectReference: {fileID: 0}
    - target: {fileID: 4588917149810215981, guid: bdaa6b59efa531646a327875f8a0a719,
        type: 3}
      propertyPath: m_LocalPosition.x
      value: 3.2381172
      objectReference: {fileID: 0}
    - target: {fileID: 4588917149810215981, guid: bdaa6b59efa531646a327875f8a0a719,
        type: 3}
      propertyPath: m_LocalPosition.y
      value: -2.3611643
      objectReference: {fileID: 0}
    - target: {fileID: 4588917149810215981, guid: bdaa6b59efa531646a327875f8a0a719,
        type: 3}
      propertyPath: m_LocalPosition.z
      value: 14.836109
      objectReference: {fileID: 0}
    - target: {fileID: 4588917149810215981, guid: bdaa6b59efa531646a327875f8a0a719,
        type: 3}
      propertyPath: m_LocalRotation.x
      value: -0
      objectReference: {fileID: 0}
    - target: {fileID: 4588917149810215981, guid: bdaa6b59efa531646a327875f8a0a719,
        type: 3}
      propertyPath: m_LocalRotation.y
      value: 0.7071068
      objectReference: {fileID: 0}
    - target: {fileID: 4588917149810215981, guid: bdaa6b59efa531646a327875f8a0a719,
        type: 3}
      propertyPath: m_LocalRotation.z
      value: -0
      objectReference: {fileID: 0}
    - target: {fileID: 4588917149810215981, guid: bdaa6b59efa531646a327875f8a0a719,
        type: 3}
      propertyPath: m_LocalRotation.w
      value: 0.7071068
      objectReference: {fileID: 0}
    - target: {fileID: 4588917149810215981, guid: bdaa6b59efa531646a327875f8a0a719,
        type: 3}
      propertyPath: m_RootOrder
      value: 5
      objectReference: {fileID: 0}
    - target: {fileID: 4588917149810215981, guid: bdaa6b59efa531646a327875f8a0a719,
        type: 3}
      propertyPath: m_LocalEulerAnglesHint.x
      value: 0
      objectReference: {fileID: 0}
    - target: {fileID: 4588917149810215981, guid: bdaa6b59efa531646a327875f8a0a719,
        type: 3}
      propertyPath: m_LocalEulerAnglesHint.y
      value: 90
      objectReference: {fileID: 0}
    - target: {fileID: 4588917149810215981, guid: bdaa6b59efa531646a327875f8a0a719,
        type: 3}
      propertyPath: m_LocalEulerAnglesHint.z
      value: 0
      objectReference: {fileID: 0}
    - target: {fileID: 5163593600585701521, guid: bdaa6b59efa531646a327875f8a0a719,
        type: 3}
      propertyPath: m_StaticEditorFlags
      value: 4294967263
      objectReference: {fileID: 0}
    - target: {fileID: 5163593600585701521, guid: bdaa6b59efa531646a327875f8a0a719,
        type: 3}
      propertyPath: m_NavMeshLayer
      value: 1
      objectReference: {fileID: 0}
    - target: {fileID: 5163593602216587245, guid: bdaa6b59efa531646a327875f8a0a719,
        type: 3}
      propertyPath: m_StaticEditorFlags
      value: 4294967263
      objectReference: {fileID: 0}
    - target: {fileID: 5163593602216587245, guid: bdaa6b59efa531646a327875f8a0a719,
        type: 3}
      propertyPath: m_NavMeshLayer
      value: 1
      objectReference: {fileID: 0}
    - target: {fileID: 5843792524209438002, guid: bdaa6b59efa531646a327875f8a0a719,
        type: 3}
      propertyPath: m_Name
      value: wall bothside x2 (1)
      objectReference: {fileID: 0}
    - target: {fileID: 5843792524209438002, guid: bdaa6b59efa531646a327875f8a0a719,
        type: 3}
      propertyPath: m_StaticEditorFlags
      value: 4294967295
      objectReference: {fileID: 0}
    - target: {fileID: 8745986502505175931, guid: bdaa6b59efa531646a327875f8a0a719,
        type: 3}
      propertyPath: m_StaticEditorFlags
      value: 4294967295
      objectReference: {fileID: 0}
    m_RemovedComponents: []
  m_SourcePrefab: {fileID: 100100000, guid: bdaa6b59efa531646a327875f8a0a719, type: 3}
--- !u!4 &4409737285958884153 stripped
Transform:
  m_CorrespondingSourceObject: {fileID: 4588917149810215981, guid: bdaa6b59efa531646a327875f8a0a719,
    type: 3}
  m_PrefabInstance: {fileID: 188468830152759060}
  m_PrefabAsset: {fileID: 0}
--- !u!1001 &1976173737870343526
PrefabInstance:
  m_ObjectHideFlags: 0
  serializedVersion: 2
  m_Modification:
    m_TransformParent: {fileID: 4628566893694628161}
    m_Modifications:
    - target: {fileID: 107544, guid: 2fa97d29375bda64080d41087c0c107c, type: 3}
      propertyPath: m_StaticEditorFlags
      value: 4294967263
      objectReference: {fileID: 0}
    - target: {fileID: 107544, guid: 2fa97d29375bda64080d41087c0c107c, type: 3}
      propertyPath: m_NavMeshLayer
      value: 1
      objectReference: {fileID: 0}
    - target: {fileID: 179298, guid: 2fa97d29375bda64080d41087c0c107c, type: 3}
      propertyPath: m_Name
      value: Lamp (5)
      objectReference: {fileID: 0}
    - target: {fileID: 179298, guid: 2fa97d29375bda64080d41087c0c107c, type: 3}
      propertyPath: m_StaticEditorFlags
      value: 4294967263
      objectReference: {fileID: 0}
    - target: {fileID: 179298, guid: 2fa97d29375bda64080d41087c0c107c, type: 3}
      propertyPath: m_NavMeshLayer
      value: 1
      objectReference: {fileID: 0}
    - target: {fileID: 186052, guid: 2fa97d29375bda64080d41087c0c107c, type: 3}
      propertyPath: m_StaticEditorFlags
      value: 4294967263
      objectReference: {fileID: 0}
    - target: {fileID: 186052, guid: 2fa97d29375bda64080d41087c0c107c, type: 3}
      propertyPath: m_NavMeshLayer
      value: 1
      objectReference: {fileID: 0}
    - target: {fileID: 428016, guid: 2fa97d29375bda64080d41087c0c107c, type: 3}
      propertyPath: m_LocalPosition.x
      value: 4.6
      objectReference: {fileID: 0}
    - target: {fileID: 428016, guid: 2fa97d29375bda64080d41087c0c107c, type: 3}
      propertyPath: m_LocalPosition.y
      value: 3.54
      objectReference: {fileID: 0}
    - target: {fileID: 428016, guid: 2fa97d29375bda64080d41087c0c107c, type: 3}
      propertyPath: m_LocalPosition.z
      value: -13.240002
      objectReference: {fileID: 0}
    - target: {fileID: 428016, guid: 2fa97d29375bda64080d41087c0c107c, type: 3}
      propertyPath: m_LocalRotation.x
      value: 0.00000008146034
      objectReference: {fileID: 0}
    - target: {fileID: 428016, guid: 2fa97d29375bda64080d41087c0c107c, type: 3}
      propertyPath: m_LocalRotation.y
      value: -0
      objectReference: {fileID: 0}
    - target: {fileID: 428016, guid: 2fa97d29375bda64080d41087c0c107c, type: 3}
      propertyPath: m_LocalRotation.z
      value: -0
      objectReference: {fileID: 0}
    - target: {fileID: 428016, guid: 2fa97d29375bda64080d41087c0c107c, type: 3}
      propertyPath: m_LocalRotation.w
      value: 1
      objectReference: {fileID: 0}
    - target: {fileID: 428016, guid: 2fa97d29375bda64080d41087c0c107c, type: 3}
      propertyPath: m_RootOrder
      value: 6
      objectReference: {fileID: 0}
    - target: {fileID: 428016, guid: 2fa97d29375bda64080d41087c0c107c, type: 3}
      propertyPath: m_LocalEulerAnglesHint.x
      value: 0
      objectReference: {fileID: 0}
    - target: {fileID: 428016, guid: 2fa97d29375bda64080d41087c0c107c, type: 3}
      propertyPath: m_LocalEulerAnglesHint.y
      value: 0
      objectReference: {fileID: 0}
    - target: {fileID: 428016, guid: 2fa97d29375bda64080d41087c0c107c, type: 3}
      propertyPath: m_LocalEulerAnglesHint.z
      value: 0
      objectReference: {fileID: 0}
    m_RemovedComponents: []
  m_SourcePrefab: {fileID: 100100000, guid: 2fa97d29375bda64080d41087c0c107c, type: 3}
--- !u!4 &1976173737869916822 stripped
Transform:
  m_CorrespondingSourceObject: {fileID: 428016, guid: 2fa97d29375bda64080d41087c0c107c,
    type: 3}
  m_PrefabInstance: {fileID: 1976173737870343526}
  m_PrefabAsset: {fileID: 0}
--- !u!1001 &3073535308751482010
PrefabInstance:
  m_ObjectHideFlags: 0
  serializedVersion: 2
  m_Modification:
    m_TransformParent: {fileID: 1225107849390337691}
    m_Modifications:
    - target: {fileID: 881997619724237154, guid: bdaa6b59efa531646a327875f8a0a719,
        type: 3}
      propertyPath: m_StaticEditorFlags
      value: 4294967263
      objectReference: {fileID: 0}
    - target: {fileID: 881997619724237154, guid: bdaa6b59efa531646a327875f8a0a719,
        type: 3}
      propertyPath: m_NavMeshLayer
      value: 1
      objectReference: {fileID: 0}
    - target: {fileID: 881997621589855774, guid: bdaa6b59efa531646a327875f8a0a719,
        type: 3}
      propertyPath: m_StaticEditorFlags
      value: 4294967263
      objectReference: {fileID: 0}
    - target: {fileID: 881997621589855774, guid: bdaa6b59efa531646a327875f8a0a719,
        type: 3}
      propertyPath: m_NavMeshLayer
      value: 1
      objectReference: {fileID: 0}
    - target: {fileID: 3659813852044704392, guid: bdaa6b59efa531646a327875f8a0a719,
        type: 3}
      propertyPath: m_StaticEditorFlags
      value: 4294967295
      objectReference: {fileID: 0}
    - target: {fileID: 4588917149810215981, guid: bdaa6b59efa531646a327875f8a0a719,
        type: 3}
      propertyPath: m_LocalPosition.x
      value: -26.265383
      objectReference: {fileID: 0}
    - target: {fileID: 4588917149810215981, guid: bdaa6b59efa531646a327875f8a0a719,
        type: 3}
      propertyPath: m_LocalPosition.y
      value: -2.3610642
      objectReference: {fileID: 0}
    - target: {fileID: 4588917149810215981, guid: bdaa6b59efa531646a327875f8a0a719,
        type: 3}
      propertyPath: m_LocalPosition.z
      value: 22.66141
      objectReference: {fileID: 0}
    - target: {fileID: 4588917149810215981, guid: bdaa6b59efa531646a327875f8a0a719,
        type: 3}
      propertyPath: m_LocalRotation.x
      value: -0
      objectReference: {fileID: 0}
    - target: {fileID: 4588917149810215981, guid: bdaa6b59efa531646a327875f8a0a719,
        type: 3}
      propertyPath: m_LocalRotation.y
      value: -0
      objectReference: {fileID: 0}
    - target: {fileID: 4588917149810215981, guid: bdaa6b59efa531646a327875f8a0a719,
        type: 3}
      propertyPath: m_LocalRotation.z
      value: -0
      objectReference: {fileID: 0}
    - target: {fileID: 4588917149810215981, guid: bdaa6b59efa531646a327875f8a0a719,
        type: 3}
      propertyPath: m_LocalRotation.w
      value: 1
      objectReference: {fileID: 0}
    - target: {fileID: 4588917149810215981, guid: bdaa6b59efa531646a327875f8a0a719,
        type: 3}
      propertyPath: m_RootOrder
      value: 3
      objectReference: {fileID: 0}
    - target: {fileID: 4588917149810215981, guid: bdaa6b59efa531646a327875f8a0a719,
        type: 3}
      propertyPath: m_LocalEulerAnglesHint.x
      value: 0
      objectReference: {fileID: 0}
    - target: {fileID: 4588917149810215981, guid: bdaa6b59efa531646a327875f8a0a719,
        type: 3}
      propertyPath: m_LocalEulerAnglesHint.y
      value: 0
      objectReference: {fileID: 0}
    - target: {fileID: 4588917149810215981, guid: bdaa6b59efa531646a327875f8a0a719,
        type: 3}
      propertyPath: m_LocalEulerAnglesHint.z
      value: 0
      objectReference: {fileID: 0}
    - target: {fileID: 4588917149810215981, guid: bdaa6b59efa531646a327875f8a0a719,
        type: 3}
      propertyPath: m_LocalScale.z
      value: 0.9850129
      objectReference: {fileID: 0}
    - target: {fileID: 5163593600585701521, guid: bdaa6b59efa531646a327875f8a0a719,
        type: 3}
      propertyPath: m_StaticEditorFlags
      value: 4294967263
      objectReference: {fileID: 0}
    - target: {fileID: 5163593600585701521, guid: bdaa6b59efa531646a327875f8a0a719,
        type: 3}
      propertyPath: m_NavMeshLayer
      value: 1
      objectReference: {fileID: 0}
    - target: {fileID: 5163593602216587245, guid: bdaa6b59efa531646a327875f8a0a719,
        type: 3}
      propertyPath: m_StaticEditorFlags
      value: 4294967263
      objectReference: {fileID: 0}
    - target: {fileID: 5163593602216587245, guid: bdaa6b59efa531646a327875f8a0a719,
        type: 3}
      propertyPath: m_NavMeshLayer
      value: 1
      objectReference: {fileID: 0}
    - target: {fileID: 5163593602216790237, guid: bdaa6b59efa531646a327875f8a0a719,
        type: 3}
      propertyPath: m_LocalPosition.z
      value: -4.235
      objectReference: {fileID: 0}
    - target: {fileID: 5163593602216790237, guid: bdaa6b59efa531646a327875f8a0a719,
        type: 3}
      propertyPath: m_LocalScale.x
      value: 1.4531635
      objectReference: {fileID: 0}
    - target: {fileID: 5163593602216790237, guid: bdaa6b59efa531646a327875f8a0a719,
        type: 3}
      propertyPath: m_LocalPosition.z
      value: -4.235
      objectReference: {fileID: 0}
    - target: {fileID: 5163593602216790237, guid: bdaa6b59efa531646a327875f8a0a719,
        type: 3}
      propertyPath: m_LocalScale.x
      value: 1.4531635
      objectReference: {fileID: 0}
    - target: {fileID: 5843792524209438002, guid: bdaa6b59efa531646a327875f8a0a719,
        type: 3}
      propertyPath: m_Name
      value: wall bothside x2 (3)
      objectReference: {fileID: 0}
    - target: {fileID: 5843792524209438002, guid: bdaa6b59efa531646a327875f8a0a719,
        type: 3}
      propertyPath: m_StaticEditorFlags
      value: 4294967295
      objectReference: {fileID: 0}
    - target: {fileID: 8745986502505175931, guid: bdaa6b59efa531646a327875f8a0a719,
        type: 3}
      propertyPath: m_StaticEditorFlags
      value: 4294967295
      objectReference: {fileID: 0}
    m_RemovedComponents: []
  m_SourcePrefab: {fileID: 100100000, guid: bdaa6b59efa531646a327875f8a0a719, type: 3}
--- !u!4 &1515601743946342583 stripped
Transform:
  m_CorrespondingSourceObject: {fileID: 4588917149810215981, guid: bdaa6b59efa531646a327875f8a0a719,
    type: 3}
  m_PrefabInstance: {fileID: 3073535308751482010}
  m_PrefabAsset: {fileID: 0}
--- !u!1001 &4167020030383200927
PrefabInstance:
  m_ObjectHideFlags: 0
  serializedVersion: 2
  m_Modification:
    m_TransformParent: {fileID: 1225107849390337691}
    m_Modifications:
    - target: {fileID: 152204066835860371, guid: 8850c62660ca0594daad978a475874fb,
        type: 3}
      propertyPath: m_NavMeshLayer
      value: 1
      objectReference: {fileID: 0}
    - target: {fileID: 152204066835860371, guid: 8850c62660ca0594daad978a475874fb,
        type: 3}
      propertyPath: m_StaticEditorFlags
      value: 4294967263
      objectReference: {fileID: 0}
    - target: {fileID: 152204066835881777, guid: 8850c62660ca0594daad978a475874fb,
        type: 3}
      propertyPath: m_NavMeshLayer
      value: 1
      objectReference: {fileID: 0}
    - target: {fileID: 152204066835881777, guid: 8850c62660ca0594daad978a475874fb,
        type: 3}
      propertyPath: m_StaticEditorFlags
      value: 4294967263
      objectReference: {fileID: 0}
    - target: {fileID: 152204066835889237, guid: 8850c62660ca0594daad978a475874fb,
        type: 3}
      propertyPath: m_NavMeshLayer
      value: 1
      objectReference: {fileID: 0}
    - target: {fileID: 152204066835889237, guid: 8850c62660ca0594daad978a475874fb,
        type: 3}
      propertyPath: m_StaticEditorFlags
      value: 4294967263
      objectReference: {fileID: 0}
    - target: {fileID: 3433137692677105626, guid: 8850c62660ca0594daad978a475874fb,
        type: 3}
      propertyPath: m_Name
      value: door+doorway+wall+bothside
      objectReference: {fileID: 0}
    - target: {fileID: 4790524237689323818, guid: 8850c62660ca0594daad978a475874fb,
        type: 3}
      propertyPath: m_NavMeshLayer
      value: 1
      objectReference: {fileID: 0}
    - target: {fileID: 4790524237689323818, guid: 8850c62660ca0594daad978a475874fb,
        type: 3}
      propertyPath: m_StaticEditorFlags
      value: 4294967263
      objectReference: {fileID: 0}
    - target: {fileID: 4790524237689332302, guid: 8850c62660ca0594daad978a475874fb,
        type: 3}
      propertyPath: m_NavMeshLayer
      value: 1
      objectReference: {fileID: 0}
    - target: {fileID: 4790524237689332302, guid: 8850c62660ca0594daad978a475874fb,
        type: 3}
      propertyPath: m_StaticEditorFlags
      value: 4294967263
      objectReference: {fileID: 0}
    - target: {fileID: 4790524237689353964, guid: 8850c62660ca0594daad978a475874fb,
        type: 3}
      propertyPath: m_NavMeshLayer
      value: 1
      objectReference: {fileID: 0}
    - target: {fileID: 4790524237689353964, guid: 8850c62660ca0594daad978a475874fb,
        type: 3}
      propertyPath: m_StaticEditorFlags
      value: 4294967263
      objectReference: {fileID: 0}
    - target: {fileID: 5624995422204316684, guid: 8850c62660ca0594daad978a475874fb,
        type: 3}
      propertyPath: m_NavMeshLayer
      value: 1
      objectReference: {fileID: 0}
    - target: {fileID: 5624995422204316684, guid: 8850c62660ca0594daad978a475874fb,
        type: 3}
      propertyPath: m_StaticEditorFlags
      value: 4294967263
      objectReference: {fileID: 0}
    - target: {fileID: 7110390876085678633, guid: 8850c62660ca0594daad978a475874fb,
        type: 3}
      propertyPath: m_NavMeshLayer
      value: 1
      objectReference: {fileID: 0}
    - target: {fileID: 7110390876085678633, guid: 8850c62660ca0594daad978a475874fb,
        type: 3}
      propertyPath: m_StaticEditorFlags
      value: 4294967263
      objectReference: {fileID: 0}
    - target: {fileID: 8819122622505453354, guid: 8850c62660ca0594daad978a475874fb,
        type: 3}
      propertyPath: m_LocalPosition.x
      value: -5.7748814
      objectReference: {fileID: 0}
    - target: {fileID: 8819122622505453354, guid: 8850c62660ca0594daad978a475874fb,
        type: 3}
      propertyPath: m_LocalPosition.y
      value: 1.9467857
      objectReference: {fileID: 0}
    - target: {fileID: 8819122622505453354, guid: 8850c62660ca0594daad978a475874fb,
        type: 3}
      propertyPath: m_LocalPosition.z
      value: -17.250591
      objectReference: {fileID: 0}
    - target: {fileID: 8819122622505453354, guid: 8850c62660ca0594daad978a475874fb,
        type: 3}
      propertyPath: m_LocalRotation.x
      value: -0
      objectReference: {fileID: 0}
    - target: {fileID: 8819122622505453354, guid: 8850c62660ca0594daad978a475874fb,
        type: 3}
      propertyPath: m_LocalRotation.y
      value: -0
      objectReference: {fileID: 0}
    - target: {fileID: 8819122622505453354, guid: 8850c62660ca0594daad978a475874fb,
        type: 3}
      propertyPath: m_LocalRotation.z
      value: -0
      objectReference: {fileID: 0}
    - target: {fileID: 8819122622505453354, guid: 8850c62660ca0594daad978a475874fb,
        type: 3}
      propertyPath: m_LocalRotation.w
      value: 1
      objectReference: {fileID: 0}
    - target: {fileID: 8819122622505453354, guid: 8850c62660ca0594daad978a475874fb,
        type: 3}
      propertyPath: m_RootOrder
      value: 2
      objectReference: {fileID: 0}
    - target: {fileID: 8819122622505453354, guid: 8850c62660ca0594daad978a475874fb,
        type: 3}
      propertyPath: m_LocalEulerAnglesHint.x
      value: 0
      objectReference: {fileID: 0}
    - target: {fileID: 8819122622505453354, guid: 8850c62660ca0594daad978a475874fb,
        type: 3}
      propertyPath: m_LocalEulerAnglesHint.y
      value: 0
      objectReference: {fileID: 0}
    - target: {fileID: 8819122622505453354, guid: 8850c62660ca0594daad978a475874fb,
        type: 3}
      propertyPath: m_LocalEulerAnglesHint.z
      value: 0
      objectReference: {fileID: 0}
    m_RemovedComponents: []
  m_SourcePrefab: {fileID: 100100000, guid: 8850c62660ca0594daad978a475874fb, type: 3}
--- !u!4 &4879628134684630453 stripped
Transform:
  m_CorrespondingSourceObject: {fileID: 8819122622505453354, guid: 8850c62660ca0594daad978a475874fb,
    type: 3}
  m_PrefabInstance: {fileID: 4167020030383200927}
  m_PrefabAsset: {fileID: 0}
--- !u!1001 &4463908315738747211
PrefabInstance:
  m_ObjectHideFlags: 0
  serializedVersion: 2
  m_Modification:
    m_TransformParent: {fileID: 4628566893694628161}
    m_Modifications:
    - target: {fileID: 107544, guid: 2fa97d29375bda64080d41087c0c107c, type: 3}
      propertyPath: m_StaticEditorFlags
      value: 4294967263
      objectReference: {fileID: 0}
    - target: {fileID: 107544, guid: 2fa97d29375bda64080d41087c0c107c, type: 3}
      propertyPath: m_NavMeshLayer
      value: 1
      objectReference: {fileID: 0}
    - target: {fileID: 179298, guid: 2fa97d29375bda64080d41087c0c107c, type: 3}
      propertyPath: m_Name
      value: Lamp (3)
      objectReference: {fileID: 0}
    - target: {fileID: 179298, guid: 2fa97d29375bda64080d41087c0c107c, type: 3}
      propertyPath: m_StaticEditorFlags
      value: 4294967263
      objectReference: {fileID: 0}
    - target: {fileID: 179298, guid: 2fa97d29375bda64080d41087c0c107c, type: 3}
      propertyPath: m_NavMeshLayer
      value: 1
      objectReference: {fileID: 0}
    - target: {fileID: 186052, guid: 2fa97d29375bda64080d41087c0c107c, type: 3}
      propertyPath: m_StaticEditorFlags
      value: 4294967263
      objectReference: {fileID: 0}
    - target: {fileID: 186052, guid: 2fa97d29375bda64080d41087c0c107c, type: 3}
      propertyPath: m_NavMeshLayer
      value: 1
      objectReference: {fileID: 0}
    - target: {fileID: 428016, guid: 2fa97d29375bda64080d41087c0c107c, type: 3}
      propertyPath: m_LocalPosition.x
      value: 4.6
      objectReference: {fileID: 0}
    - target: {fileID: 428016, guid: 2fa97d29375bda64080d41087c0c107c, type: 3}
      propertyPath: m_LocalPosition.y
      value: 3.54
      objectReference: {fileID: 0}
    - target: {fileID: 428016, guid: 2fa97d29375bda64080d41087c0c107c, type: 3}
      propertyPath: m_LocalPosition.z
      value: -26.38
      objectReference: {fileID: 0}
    - target: {fileID: 428016, guid: 2fa97d29375bda64080d41087c0c107c, type: 3}
      propertyPath: m_LocalRotation.x
      value: 0.00000008146034
      objectReference: {fileID: 0}
    - target: {fileID: 428016, guid: 2fa97d29375bda64080d41087c0c107c, type: 3}
      propertyPath: m_LocalRotation.y
      value: -0
      objectReference: {fileID: 0}
    - target: {fileID: 428016, guid: 2fa97d29375bda64080d41087c0c107c, type: 3}
      propertyPath: m_LocalRotation.z
      value: -0
      objectReference: {fileID: 0}
    - target: {fileID: 428016, guid: 2fa97d29375bda64080d41087c0c107c, type: 3}
      propertyPath: m_LocalRotation.w
      value: 1
      objectReference: {fileID: 0}
    - target: {fileID: 428016, guid: 2fa97d29375bda64080d41087c0c107c, type: 3}
      propertyPath: m_RootOrder
      value: 3
      objectReference: {fileID: 0}
    - target: {fileID: 428016, guid: 2fa97d29375bda64080d41087c0c107c, type: 3}
      propertyPath: m_LocalEulerAnglesHint.x
      value: 0
      objectReference: {fileID: 0}
    - target: {fileID: 428016, guid: 2fa97d29375bda64080d41087c0c107c, type: 3}
      propertyPath: m_LocalEulerAnglesHint.y
      value: 0
      objectReference: {fileID: 0}
    - target: {fileID: 428016, guid: 2fa97d29375bda64080d41087c0c107c, type: 3}
      propertyPath: m_LocalEulerAnglesHint.z
      value: 0
      objectReference: {fileID: 0}
    m_RemovedComponents: []
  m_SourcePrefab: {fileID: 100100000, guid: 2fa97d29375bda64080d41087c0c107c, type: 3}
--- !u!4 &4463908315738650299 stripped
Transform:
  m_CorrespondingSourceObject: {fileID: 428016, guid: 2fa97d29375bda64080d41087c0c107c,
    type: 3}
  m_PrefabInstance: {fileID: 4463908315738747211}
  m_PrefabAsset: {fileID: 0}
--- !u!1001 &5349166019194762949
PrefabInstance:
  m_ObjectHideFlags: 0
  serializedVersion: 2
  m_Modification:
    m_TransformParent: {fileID: 1225107849390337691}
    m_Modifications:
    - target: {fileID: 881997619724237154, guid: bdaa6b59efa531646a327875f8a0a719,
        type: 3}
      propertyPath: m_StaticEditorFlags
      value: 4294967263
      objectReference: {fileID: 0}
    - target: {fileID: 881997619724237154, guid: bdaa6b59efa531646a327875f8a0a719,
        type: 3}
      propertyPath: m_NavMeshLayer
      value: 1
      objectReference: {fileID: 0}
    - target: {fileID: 881997621589855774, guid: bdaa6b59efa531646a327875f8a0a719,
        type: 3}
      propertyPath: m_StaticEditorFlags
      value: 4294967263
      objectReference: {fileID: 0}
    - target: {fileID: 881997621589855774, guid: bdaa6b59efa531646a327875f8a0a719,
        type: 3}
      propertyPath: m_NavMeshLayer
      value: 1
      objectReference: {fileID: 0}
    - target: {fileID: 3659813852044704392, guid: bdaa6b59efa531646a327875f8a0a719,
        type: 3}
      propertyPath: m_StaticEditorFlags
      value: 4294967295
      objectReference: {fileID: 0}
    - target: {fileID: 4588917149810215981, guid: bdaa6b59efa531646a327875f8a0a719,
        type: 3}
      propertyPath: m_LocalPosition.x
      value: 3.2371178
      objectReference: {fileID: 0}
    - target: {fileID: 4588917149810215981, guid: bdaa6b59efa531646a327875f8a0a719,
        type: 3}
      propertyPath: m_LocalPosition.y
      value: -2.3611143
      objectReference: {fileID: 0}
    - target: {fileID: 4588917149810215981, guid: bdaa6b59efa531646a327875f8a0a719,
        type: 3}
      propertyPath: m_LocalPosition.z
      value: -15.92959
      objectReference: {fileID: 0}
    - target: {fileID: 4588917149810215981, guid: bdaa6b59efa531646a327875f8a0a719,
        type: 3}
      propertyPath: m_LocalRotation.x
      value: -0
      objectReference: {fileID: 0}
    - target: {fileID: 4588917149810215981, guid: bdaa6b59efa531646a327875f8a0a719,
        type: 3}
      propertyPath: m_LocalRotation.y
      value: 0.7071068
      objectReference: {fileID: 0}
    - target: {fileID: 4588917149810215981, guid: bdaa6b59efa531646a327875f8a0a719,
        type: 3}
      propertyPath: m_LocalRotation.z
      value: -0
      objectReference: {fileID: 0}
    - target: {fileID: 4588917149810215981, guid: bdaa6b59efa531646a327875f8a0a719,
        type: 3}
      propertyPath: m_LocalRotation.w
      value: 0.7071068
      objectReference: {fileID: 0}
    - target: {fileID: 4588917149810215981, guid: bdaa6b59efa531646a327875f8a0a719,
        type: 3}
      propertyPath: m_RootOrder
      value: 6
      objectReference: {fileID: 0}
    - target: {fileID: 4588917149810215981, guid: bdaa6b59efa531646a327875f8a0a719,
        type: 3}
      propertyPath: m_LocalEulerAnglesHint.x
      value: 0
      objectReference: {fileID: 0}
    - target: {fileID: 4588917149810215981, guid: bdaa6b59efa531646a327875f8a0a719,
        type: 3}
      propertyPath: m_LocalEulerAnglesHint.y
      value: 90
      objectReference: {fileID: 0}
    - target: {fileID: 4588917149810215981, guid: bdaa6b59efa531646a327875f8a0a719,
        type: 3}
      propertyPath: m_LocalEulerAnglesHint.z
      value: 0
      objectReference: {fileID: 0}
    - target: {fileID: 5163593600585701521, guid: bdaa6b59efa531646a327875f8a0a719,
        type: 3}
      propertyPath: m_StaticEditorFlags
      value: 4294967263
      objectReference: {fileID: 0}
    - target: {fileID: 5163593600585701521, guid: bdaa6b59efa531646a327875f8a0a719,
        type: 3}
      propertyPath: m_NavMeshLayer
      value: 1
      objectReference: {fileID: 0}
    - target: {fileID: 5163593602216587245, guid: bdaa6b59efa531646a327875f8a0a719,
        type: 3}
      propertyPath: m_StaticEditorFlags
      value: 4294967263
      objectReference: {fileID: 0}
    - target: {fileID: 5163593602216587245, guid: bdaa6b59efa531646a327875f8a0a719,
        type: 3}
      propertyPath: m_NavMeshLayer
      value: 1
      objectReference: {fileID: 0}
    - target: {fileID: 5843792524209438002, guid: bdaa6b59efa531646a327875f8a0a719,
        type: 3}
      propertyPath: m_Name
      value: wall bothside x2
      objectReference: {fileID: 0}
    - target: {fileID: 5843792524209438002, guid: bdaa6b59efa531646a327875f8a0a719,
        type: 3}
      propertyPath: m_StaticEditorFlags
      value: 4294967295
      objectReference: {fileID: 0}
    - target: {fileID: 8745986502505175931, guid: bdaa6b59efa531646a327875f8a0a719,
        type: 3}
      propertyPath: m_StaticEditorFlags
      value: 4294967295
      objectReference: {fileID: 0}
    m_RemovedComponents: []
  m_SourcePrefab: {fileID: 100100000, guid: bdaa6b59efa531646a327875f8a0a719, type: 3}
--- !u!4 &8472139457042283240 stripped
Transform:
  m_CorrespondingSourceObject: {fileID: 4588917149810215981, guid: bdaa6b59efa531646a327875f8a0a719,
    type: 3}
  m_PrefabInstance: {fileID: 5349166019194762949}
  m_PrefabAsset: {fileID: 0}
--- !u!1001 &5445699221768712825
PrefabInstance:
  m_ObjectHideFlags: 0
  serializedVersion: 2
  m_Modification:
    m_TransformParent: {fileID: 4628566893694628161}
    m_Modifications:
    - target: {fileID: 107544, guid: 2fa97d29375bda64080d41087c0c107c, type: 3}
      propertyPath: m_StaticEditorFlags
      value: 4294967263
      objectReference: {fileID: 0}
    - target: {fileID: 107544, guid: 2fa97d29375bda64080d41087c0c107c, type: 3}
      propertyPath: m_NavMeshLayer
      value: 1
      objectReference: {fileID: 0}
    - target: {fileID: 179298, guid: 2fa97d29375bda64080d41087c0c107c, type: 3}
      propertyPath: m_Name
      value: Lamp (7)
      objectReference: {fileID: 0}
    - target: {fileID: 179298, guid: 2fa97d29375bda64080d41087c0c107c, type: 3}
      propertyPath: m_StaticEditorFlags
      value: 4294967263
      objectReference: {fileID: 0}
    - target: {fileID: 179298, guid: 2fa97d29375bda64080d41087c0c107c, type: 3}
      propertyPath: m_NavMeshLayer
      value: 1
      objectReference: {fileID: 0}
    - target: {fileID: 186052, guid: 2fa97d29375bda64080d41087c0c107c, type: 3}
      propertyPath: m_StaticEditorFlags
      value: 4294967263
      objectReference: {fileID: 0}
    - target: {fileID: 186052, guid: 2fa97d29375bda64080d41087c0c107c, type: 3}
      propertyPath: m_NavMeshLayer
      value: 1
      objectReference: {fileID: 0}
    - target: {fileID: 428016, guid: 2fa97d29375bda64080d41087c0c107c, type: 3}
      propertyPath: m_LocalPosition.x
      value: 11.15
      objectReference: {fileID: 0}
    - target: {fileID: 428016, guid: 2fa97d29375bda64080d41087c0c107c, type: 3}
      propertyPath: m_LocalPosition.y
      value: 3.54
      objectReference: {fileID: 0}
    - target: {fileID: 428016, guid: 2fa97d29375bda64080d41087c0c107c, type: 3}
      propertyPath: m_LocalPosition.z
      value: -13.340002
      objectReference: {fileID: 0}
    - target: {fileID: 428016, guid: 2fa97d29375bda64080d41087c0c107c, type: 3}
      propertyPath: m_LocalRotation.x
      value: 0.00000008146034
      objectReference: {fileID: 0}
    - target: {fileID: 428016, guid: 2fa97d29375bda64080d41087c0c107c, type: 3}
      propertyPath: m_LocalRotation.y
      value: -0
      objectReference: {fileID: 0}
    - target: {fileID: 428016, guid: 2fa97d29375bda64080d41087c0c107c, type: 3}
      propertyPath: m_LocalRotation.z
      value: -0
      objectReference: {fileID: 0}
    - target: {fileID: 428016, guid: 2fa97d29375bda64080d41087c0c107c, type: 3}
      propertyPath: m_LocalRotation.w
      value: 1
      objectReference: {fileID: 0}
    - target: {fileID: 428016, guid: 2fa97d29375bda64080d41087c0c107c, type: 3}
      propertyPath: m_RootOrder
      value: 7
      objectReference: {fileID: 0}
    - target: {fileID: 428016, guid: 2fa97d29375bda64080d41087c0c107c, type: 3}
      propertyPath: m_LocalEulerAnglesHint.x
      value: 0
      objectReference: {fileID: 0}
    - target: {fileID: 428016, guid: 2fa97d29375bda64080d41087c0c107c, type: 3}
      propertyPath: m_LocalEulerAnglesHint.y
      value: 0
      objectReference: {fileID: 0}
    - target: {fileID: 428016, guid: 2fa97d29375bda64080d41087c0c107c, type: 3}
      propertyPath: m_LocalEulerAnglesHint.z
      value: 0
      objectReference: {fileID: 0}
    m_RemovedComponents: []
  m_SourcePrefab: {fileID: 100100000, guid: 2fa97d29375bda64080d41087c0c107c, type: 3}
--- !u!4 &5445699221768615305 stripped
Transform:
  m_CorrespondingSourceObject: {fileID: 428016, guid: 2fa97d29375bda64080d41087c0c107c,
    type: 3}
  m_PrefabInstance: {fileID: 5445699221768712825}
  m_PrefabAsset: {fileID: 0}
--- !u!1001 &7145956987992096078
PrefabInstance:
  m_ObjectHideFlags: 0
  serializedVersion: 2
  m_Modification:
    m_TransformParent: {fileID: 4628566893694628161}
    m_Modifications:
    - target: {fileID: 107544, guid: 2fa97d29375bda64080d41087c0c107c, type: 3}
      propertyPath: m_StaticEditorFlags
      value: 4294967263
      objectReference: {fileID: 0}
    - target: {fileID: 107544, guid: 2fa97d29375bda64080d41087c0c107c, type: 3}
      propertyPath: m_NavMeshLayer
      value: 1
      objectReference: {fileID: 0}
    - target: {fileID: 179298, guid: 2fa97d29375bda64080d41087c0c107c, type: 3}
      propertyPath: m_Name
      value: Lamp (1)
      objectReference: {fileID: 0}
    - target: {fileID: 179298, guid: 2fa97d29375bda64080d41087c0c107c, type: 3}
      propertyPath: m_StaticEditorFlags
      value: 4294967263
      objectReference: {fileID: 0}
    - target: {fileID: 179298, guid: 2fa97d29375bda64080d41087c0c107c, type: 3}
      propertyPath: m_NavMeshLayer
      value: 1
      objectReference: {fileID: 0}
    - target: {fileID: 186052, guid: 2fa97d29375bda64080d41087c0c107c, type: 3}
      propertyPath: m_StaticEditorFlags
      value: 4294967263
      objectReference: {fileID: 0}
    - target: {fileID: 186052, guid: 2fa97d29375bda64080d41087c0c107c, type: 3}
      propertyPath: m_NavMeshLayer
      value: 1
      objectReference: {fileID: 0}
    - target: {fileID: 428016, guid: 2fa97d29375bda64080d41087c0c107c, type: 3}
      propertyPath: m_LocalPosition.x
      value: 10.99
      objectReference: {fileID: 0}
    - target: {fileID: 428016, guid: 2fa97d29375bda64080d41087c0c107c, type: 3}
      propertyPath: m_LocalPosition.y
      value: 3.54
      objectReference: {fileID: 0}
    - target: {fileID: 428016, guid: 2fa97d29375bda64080d41087c0c107c, type: 3}
      propertyPath: m_LocalPosition.z
      value: -19.900002
      objectReference: {fileID: 0}
    - target: {fileID: 428016, guid: 2fa97d29375bda64080d41087c0c107c, type: 3}
      propertyPath: m_LocalRotation.x
      value: 0.00000008146034
      objectReference: {fileID: 0}
    - target: {fileID: 428016, guid: 2fa97d29375bda64080d41087c0c107c, type: 3}
      propertyPath: m_LocalRotation.y
      value: -0
      objectReference: {fileID: 0}
    - target: {fileID: 428016, guid: 2fa97d29375bda64080d41087c0c107c, type: 3}
      propertyPath: m_LocalRotation.z
      value: -0
      objectReference: {fileID: 0}
    - target: {fileID: 428016, guid: 2fa97d29375bda64080d41087c0c107c, type: 3}
      propertyPath: m_LocalRotation.w
      value: 1
      objectReference: {fileID: 0}
    - target: {fileID: 428016, guid: 2fa97d29375bda64080d41087c0c107c, type: 3}
      propertyPath: m_RootOrder
      value: 1
      objectReference: {fileID: 0}
    - target: {fileID: 428016, guid: 2fa97d29375bda64080d41087c0c107c, type: 3}
      propertyPath: m_LocalEulerAnglesHint.x
      value: 0
      objectReference: {fileID: 0}
    - target: {fileID: 428016, guid: 2fa97d29375bda64080d41087c0c107c, type: 3}
      propertyPath: m_LocalEulerAnglesHint.y
      value: 0
      objectReference: {fileID: 0}
    - target: {fileID: 428016, guid: 2fa97d29375bda64080d41087c0c107c, type: 3}
      propertyPath: m_LocalEulerAnglesHint.z
      value: 0
      objectReference: {fileID: 0}
    m_RemovedComponents: []
  m_SourcePrefab: {fileID: 100100000, guid: 2fa97d29375bda64080d41087c0c107c, type: 3}
--- !u!4 &7145956987991997118 stripped
Transform:
  m_CorrespondingSourceObject: {fileID: 428016, guid: 2fa97d29375bda64080d41087c0c107c,
    type: 3}
  m_PrefabInstance: {fileID: 7145956987992096078}
  m_PrefabAsset: {fileID: 0}
--- !u!1001 &7166222625430755843
PrefabInstance:
  m_ObjectHideFlags: 0
  serializedVersion: 2
  m_Modification:
    m_TransformParent: {fileID: 1225107849390337691}
    m_Modifications:
    - target: {fileID: 881997619724237154, guid: bdaa6b59efa531646a327875f8a0a719,
        type: 3}
      propertyPath: m_StaticEditorFlags
      value: 4294967263
      objectReference: {fileID: 0}
    - target: {fileID: 881997619724237154, guid: bdaa6b59efa531646a327875f8a0a719,
        type: 3}
      propertyPath: m_NavMeshLayer
      value: 1
      objectReference: {fileID: 0}
    - target: {fileID: 881997621589855774, guid: bdaa6b59efa531646a327875f8a0a719,
        type: 3}
      propertyPath: m_StaticEditorFlags
      value: 4294967263
      objectReference: {fileID: 0}
    - target: {fileID: 881997621589855774, guid: bdaa6b59efa531646a327875f8a0a719,
        type: 3}
      propertyPath: m_NavMeshLayer
      value: 1
      objectReference: {fileID: 0}
    - target: {fileID: 3659813852044704392, guid: bdaa6b59efa531646a327875f8a0a719,
        type: 3}
      propertyPath: m_StaticEditorFlags
      value: 4294967295
      objectReference: {fileID: 0}
    - target: {fileID: 4588917149810215981, guid: bdaa6b59efa531646a327875f8a0a719,
        type: 3}
      propertyPath: m_LocalPosition.x
      value: -10.7658825
      objectReference: {fileID: 0}
    - target: {fileID: 4588917149810215981, guid: bdaa6b59efa531646a327875f8a0a719,
        type: 3}
      propertyPath: m_LocalPosition.y
      value: -2.3610842
      objectReference: {fileID: 0}
    - target: {fileID: 4588917149810215981, guid: bdaa6b59efa531646a327875f8a0a719,
        type: 3}
      propertyPath: m_LocalPosition.z
      value: 15.308709
      objectReference: {fileID: 0}
    - target: {fileID: 4588917149810215981, guid: bdaa6b59efa531646a327875f8a0a719,
        type: 3}
      propertyPath: m_LocalRotation.x
      value: -0
      objectReference: {fileID: 0}
    - target: {fileID: 4588917149810215981, guid: bdaa6b59efa531646a327875f8a0a719,
        type: 3}
      propertyPath: m_LocalRotation.y
      value: -0
      objectReference: {fileID: 0}
    - target: {fileID: 4588917149810215981, guid: bdaa6b59efa531646a327875f8a0a719,
        type: 3}
      propertyPath: m_LocalRotation.z
      value: -0
      objectReference: {fileID: 0}
    - target: {fileID: 4588917149810215981, guid: bdaa6b59efa531646a327875f8a0a719,
        type: 3}
      propertyPath: m_LocalRotation.w
      value: 1
      objectReference: {fileID: 0}
    - target: {fileID: 4588917149810215981, guid: bdaa6b59efa531646a327875f8a0a719,
        type: 3}
      propertyPath: m_RootOrder
      value: 1
      objectReference: {fileID: 0}
    - target: {fileID: 4588917149810215981, guid: bdaa6b59efa531646a327875f8a0a719,
        type: 3}
      propertyPath: m_LocalEulerAnglesHint.x
      value: 0
      objectReference: {fileID: 0}
    - target: {fileID: 4588917149810215981, guid: bdaa6b59efa531646a327875f8a0a719,
        type: 3}
      propertyPath: m_LocalEulerAnglesHint.y
      value: 0
      objectReference: {fileID: 0}
    - target: {fileID: 4588917149810215981, guid: bdaa6b59efa531646a327875f8a0a719,
        type: 3}
      propertyPath: m_LocalEulerAnglesHint.z
      value: 0
      objectReference: {fileID: 0}
    - target: {fileID: 5163593600585701521, guid: bdaa6b59efa531646a327875f8a0a719,
        type: 3}
      propertyPath: m_StaticEditorFlags
      value: 4294967263
      objectReference: {fileID: 0}
    - target: {fileID: 5163593600585701521, guid: bdaa6b59efa531646a327875f8a0a719,
        type: 3}
      propertyPath: m_NavMeshLayer
      value: 1
      objectReference: {fileID: 0}
    - target: {fileID: 5163593602216587245, guid: bdaa6b59efa531646a327875f8a0a719,
        type: 3}
      propertyPath: m_StaticEditorFlags
      value: 4294967263
      objectReference: {fileID: 0}
    - target: {fileID: 5163593602216587245, guid: bdaa6b59efa531646a327875f8a0a719,
        type: 3}
      propertyPath: m_NavMeshLayer
      value: 1
      objectReference: {fileID: 0}
    - target: {fileID: 5843792524209438002, guid: bdaa6b59efa531646a327875f8a0a719,
        type: 3}
      propertyPath: m_Name
      value: wall bothside x2 (4)
      objectReference: {fileID: 0}
    - target: {fileID: 5843792524209438002, guid: bdaa6b59efa531646a327875f8a0a719,
        type: 3}
      propertyPath: m_StaticEditorFlags
      value: 4294967295
      objectReference: {fileID: 0}
    - target: {fileID: 8745986502505175931, guid: bdaa6b59efa531646a327875f8a0a719,
        type: 3}
      propertyPath: m_StaticEditorFlags
      value: 4294967295
      objectReference: {fileID: 0}
    m_RemovedComponents: []
  m_SourcePrefab: {fileID: 100100000, guid: bdaa6b59efa531646a327875f8a0a719, type: 3}
--- !u!4 &6691384052349933102 stripped
Transform:
  m_CorrespondingSourceObject: {fileID: 4588917149810215981, guid: bdaa6b59efa531646a327875f8a0a719,
    type: 3}
  m_PrefabInstance: {fileID: 7166222625430755843}
  m_PrefabAsset: {fileID: 0}
--- !u!1001 &7450466186541048118
PrefabInstance:
  m_ObjectHideFlags: 0
  serializedVersion: 2
  m_Modification:
    m_TransformParent: {fileID: 1225107849390337691}
    m_Modifications:
    - target: {fileID: 6167686871158049501, guid: d15db0530b3d983488efeb84d3f02918,
        type: 3}
      propertyPath: m_Name
      value: wall bothside
      objectReference: {fileID: 0}
    - target: {fileID: 6167686871158049501, guid: d15db0530b3d983488efeb84d3f02918,
        type: 3}
      propertyPath: m_StaticEditorFlags
      value: 4294967295
      objectReference: {fileID: 0}
    - target: {fileID: 7045436528725981363, guid: d15db0530b3d983488efeb84d3f02918,
        type: 3}
      propertyPath: m_LocalPosition.x
      value: -5.752882
      objectReference: {fileID: 0}
    - target: {fileID: 7045436528725981363, guid: d15db0530b3d983488efeb84d3f02918,
        type: 3}
      propertyPath: m_LocalPosition.y
      value: 0.9295857
      objectReference: {fileID: 0}
    - target: {fileID: 7045436528725981363, guid: d15db0530b3d983488efeb84d3f02918,
        type: 3}
      propertyPath: m_LocalPosition.z
      value: 12.417509
      objectReference: {fileID: 0}
    - target: {fileID: 7045436528725981363, guid: d15db0530b3d983488efeb84d3f02918,
        type: 3}
      propertyPath: m_LocalRotation.x
      value: -0
      objectReference: {fileID: 0}
    - target: {fileID: 7045436528725981363, guid: d15db0530b3d983488efeb84d3f02918,
        type: 3}
      propertyPath: m_LocalRotation.y
      value: -0
      objectReference: {fileID: 0}
    - target: {fileID: 7045436528725981363, guid: d15db0530b3d983488efeb84d3f02918,
        type: 3}
      propertyPath: m_LocalRotation.z
      value: -0
      objectReference: {fileID: 0}
    - target: {fileID: 7045436528725981363, guid: d15db0530b3d983488efeb84d3f02918,
        type: 3}
      propertyPath: m_LocalRotation.w
      value: 1
      objectReference: {fileID: 0}
    - target: {fileID: 7045436528725981363, guid: d15db0530b3d983488efeb84d3f02918,
        type: 3}
      propertyPath: m_RootOrder
      value: 0
      objectReference: {fileID: 0}
    - target: {fileID: 7045436528725981363, guid: d15db0530b3d983488efeb84d3f02918,
        type: 3}
      propertyPath: m_LocalEulerAnglesHint.x
      value: 0
      objectReference: {fileID: 0}
    - target: {fileID: 7045436528725981363, guid: d15db0530b3d983488efeb84d3f02918,
        type: 3}
      propertyPath: m_LocalEulerAnglesHint.y
      value: 0
      objectReference: {fileID: 0}
    - target: {fileID: 7045436528725981363, guid: d15db0530b3d983488efeb84d3f02918,
        type: 3}
      propertyPath: m_LocalEulerAnglesHint.z
      value: 0
      objectReference: {fileID: 0}
    - target: {fileID: 7741476580966317643, guid: d15db0530b3d983488efeb84d3f02918,
        type: 3}
      propertyPath: m_StaticEditorFlags
      value: 4294967263
      objectReference: {fileID: 0}
    - target: {fileID: 7741476580966317643, guid: d15db0530b3d983488efeb84d3f02918,
        type: 3}
      propertyPath: m_NavMeshLayer
      value: 1
      objectReference: {fileID: 0}
    - target: {fileID: 7741476580966619515, guid: d15db0530b3d983488efeb84d3f02918,
        type: 3}
      propertyPath: m_LocalPosition.z
      value: -4.3466
      objectReference: {fileID: 0}
    - target: {fileID: 7741476580966619515, guid: d15db0530b3d983488efeb84d3f02918,
        type: 3}
      propertyPath: m_LocalScale.x
      value: 1.4072616
      objectReference: {fileID: 0}
    - target: {fileID: 7741476581318077959, guid: d15db0530b3d983488efeb84d3f02918,
        type: 3}
      propertyPath: m_LocalPosition.z
      value: -4.3466
      objectReference: {fileID: 0}
    - target: {fileID: 7741476581318077959, guid: d15db0530b3d983488efeb84d3f02918,
        type: 3}
      propertyPath: m_LocalScale.x
      value: 1.4072616
      objectReference: {fileID: 0}
    - target: {fileID: 7741476581318445367, guid: d15db0530b3d983488efeb84d3f02918,
        type: 3}
      propertyPath: m_StaticEditorFlags
      value: 4294967263
      objectReference: {fileID: 0}
    - target: {fileID: 7741476581318445367, guid: d15db0530b3d983488efeb84d3f02918,
        type: 3}
      propertyPath: m_NavMeshLayer
      value: 1
      objectReference: {fileID: 0}
    m_RemovedComponents: []
  m_SourcePrefab: {fileID: 100100000, guid: d15db0530b3d983488efeb84d3f02918, type: 3}
--- !u!4 &478283935102753157 stripped
Transform:
  m_CorrespondingSourceObject: {fileID: 7045436528725981363, guid: d15db0530b3d983488efeb84d3f02918,
    type: 3}
  m_PrefabInstance: {fileID: 7450466186541048118}
  m_PrefabAsset: {fileID: 0}
--- !u!1001 &7452841588707069651
PrefabInstance:
  m_ObjectHideFlags: 0
  serializedVersion: 2
  m_Modification:
    m_TransformParent: {fileID: 4628566893694628161}
    m_Modifications:
    - target: {fileID: 107544, guid: 2fa97d29375bda64080d41087c0c107c, type: 3}
      propertyPath: m_StaticEditorFlags
      value: 4294967263
      objectReference: {fileID: 0}
    - target: {fileID: 107544, guid: 2fa97d29375bda64080d41087c0c107c, type: 3}
      propertyPath: m_NavMeshLayer
      value: 1
      objectReference: {fileID: 0}
    - target: {fileID: 179298, guid: 2fa97d29375bda64080d41087c0c107c, type: 3}
      propertyPath: m_Name
      value: Lamp
      objectReference: {fileID: 0}
    - target: {fileID: 179298, guid: 2fa97d29375bda64080d41087c0c107c, type: 3}
      propertyPath: m_StaticEditorFlags
      value: 4294967263
      objectReference: {fileID: 0}
    - target: {fileID: 179298, guid: 2fa97d29375bda64080d41087c0c107c, type: 3}
      propertyPath: m_NavMeshLayer
      value: 1
      objectReference: {fileID: 0}
    - target: {fileID: 186052, guid: 2fa97d29375bda64080d41087c0c107c, type: 3}
      propertyPath: m_StaticEditorFlags
      value: 4294967263
      objectReference: {fileID: 0}
    - target: {fileID: 186052, guid: 2fa97d29375bda64080d41087c0c107c, type: 3}
      propertyPath: m_NavMeshLayer
      value: 1
      objectReference: {fileID: 0}
    - target: {fileID: 428016, guid: 2fa97d29375bda64080d41087c0c107c, type: 3}
      propertyPath: m_LocalPosition.x
      value: 11.15
      objectReference: {fileID: 0}
    - target: {fileID: 428016, guid: 2fa97d29375bda64080d41087c0c107c, type: 3}
      propertyPath: m_LocalPosition.y
      value: 3.54
      objectReference: {fileID: 0}
    - target: {fileID: 428016, guid: 2fa97d29375bda64080d41087c0c107c, type: 3}
      propertyPath: m_LocalPosition.z
      value: -6.9500017
      objectReference: {fileID: 0}
    - target: {fileID: 428016, guid: 2fa97d29375bda64080d41087c0c107c, type: 3}
      propertyPath: m_LocalRotation.x
      value: 0.00000008146034
      objectReference: {fileID: 0}
    - target: {fileID: 428016, guid: 2fa97d29375bda64080d41087c0c107c, type: 3}
      propertyPath: m_LocalRotation.y
      value: -0
      objectReference: {fileID: 0}
    - target: {fileID: 428016, guid: 2fa97d29375bda64080d41087c0c107c, type: 3}
      propertyPath: m_LocalRotation.z
      value: -0
      objectReference: {fileID: 0}
    - target: {fileID: 428016, guid: 2fa97d29375bda64080d41087c0c107c, type: 3}
      propertyPath: m_LocalRotation.w
      value: 1
      objectReference: {fileID: 0}
    - target: {fileID: 428016, guid: 2fa97d29375bda64080d41087c0c107c, type: 3}
      propertyPath: m_RootOrder
      value: 0
      objectReference: {fileID: 0}
    - target: {fileID: 428016, guid: 2fa97d29375bda64080d41087c0c107c, type: 3}
      propertyPath: m_LocalEulerAnglesHint.x
      value: 0
      objectReference: {fileID: 0}
    - target: {fileID: 428016, guid: 2fa97d29375bda64080d41087c0c107c, type: 3}
      propertyPath: m_LocalEulerAnglesHint.y
      value: 0
      objectReference: {fileID: 0}
    - target: {fileID: 428016, guid: 2fa97d29375bda64080d41087c0c107c, type: 3}
      propertyPath: m_LocalEulerAnglesHint.z
      value: 0
      objectReference: {fileID: 0}
    m_RemovedComponents: []
  m_SourcePrefab: {fileID: 100100000, guid: 2fa97d29375bda64080d41087c0c107c, type: 3}
--- !u!4 &7452841588706904355 stripped
Transform:
  m_CorrespondingSourceObject: {fileID: 428016, guid: 2fa97d29375bda64080d41087c0c107c,
    type: 3}
  m_PrefabInstance: {fileID: 7452841588707069651}
  m_PrefabAsset: {fileID: 0}
--- !u!1001 &7989037970578689509
PrefabInstance:
  m_ObjectHideFlags: 0
  serializedVersion: 2
  m_Modification:
    m_TransformParent: {fileID: 4628566893694628161}
    m_Modifications:
    - target: {fileID: 107544, guid: 2fa97d29375bda64080d41087c0c107c, type: 3}
      propertyPath: m_StaticEditorFlags
      value: 4294967263
      objectReference: {fileID: 0}
    - target: {fileID: 107544, guid: 2fa97d29375bda64080d41087c0c107c, type: 3}
      propertyPath: m_NavMeshLayer
      value: 1
      objectReference: {fileID: 0}
    - target: {fileID: 179298, guid: 2fa97d29375bda64080d41087c0c107c, type: 3}
      propertyPath: m_Name
      value: Lamp (4)
      objectReference: {fileID: 0}
    - target: {fileID: 179298, guid: 2fa97d29375bda64080d41087c0c107c, type: 3}
      propertyPath: m_StaticEditorFlags
      value: 4294967263
      objectReference: {fileID: 0}
    - target: {fileID: 179298, guid: 2fa97d29375bda64080d41087c0c107c, type: 3}
      propertyPath: m_NavMeshLayer
      value: 1
      objectReference: {fileID: 0}
    - target: {fileID: 186052, guid: 2fa97d29375bda64080d41087c0c107c, type: 3}
      propertyPath: m_StaticEditorFlags
      value: 4294967263
      objectReference: {fileID: 0}
    - target: {fileID: 186052, guid: 2fa97d29375bda64080d41087c0c107c, type: 3}
      propertyPath: m_NavMeshLayer
      value: 1
      objectReference: {fileID: 0}
    - target: {fileID: 428016, guid: 2fa97d29375bda64080d41087c0c107c, type: 3}
      propertyPath: m_LocalPosition.x
      value: 4.6
      objectReference: {fileID: 0}
    - target: {fileID: 428016, guid: 2fa97d29375bda64080d41087c0c107c, type: 3}
      propertyPath: m_LocalPosition.y
      value: 3.54
      objectReference: {fileID: 0}
    - target: {fileID: 428016, guid: 2fa97d29375bda64080d41087c0c107c, type: 3}
      propertyPath: m_LocalPosition.z
      value: -19.86
      objectReference: {fileID: 0}
    - target: {fileID: 428016, guid: 2fa97d29375bda64080d41087c0c107c, type: 3}
      propertyPath: m_LocalRotation.x
      value: 0.00000008146034
      objectReference: {fileID: 0}
    - target: {fileID: 428016, guid: 2fa97d29375bda64080d41087c0c107c, type: 3}
      propertyPath: m_LocalRotation.y
      value: -0
      objectReference: {fileID: 0}
    - target: {fileID: 428016, guid: 2fa97d29375bda64080d41087c0c107c, type: 3}
      propertyPath: m_LocalRotation.z
      value: -0
      objectReference: {fileID: 0}
    - target: {fileID: 428016, guid: 2fa97d29375bda64080d41087c0c107c, type: 3}
      propertyPath: m_LocalRotation.w
      value: 1
      objectReference: {fileID: 0}
    - target: {fileID: 428016, guid: 2fa97d29375bda64080d41087c0c107c, type: 3}
      propertyPath: m_RootOrder
      value: 4
      objectReference: {fileID: 0}
    - target: {fileID: 428016, guid: 2fa97d29375bda64080d41087c0c107c, type: 3}
      propertyPath: m_LocalEulerAnglesHint.x
      value: 0
      objectReference: {fileID: 0}
    - target: {fileID: 428016, guid: 2fa97d29375bda64080d41087c0c107c, type: 3}
      propertyPath: m_LocalEulerAnglesHint.y
      value: 0
      objectReference: {fileID: 0}
    - target: {fileID: 428016, guid: 2fa97d29375bda64080d41087c0c107c, type: 3}
      propertyPath: m_LocalEulerAnglesHint.z
      value: 0
      objectReference: {fileID: 0}
    m_RemovedComponents: []
  m_SourcePrefab: {fileID: 100100000, guid: 2fa97d29375bda64080d41087c0c107c, type: 3}
--- !u!4 &7989037970578852373 stripped
Transform:
  m_CorrespondingSourceObject: {fileID: 428016, guid: 2fa97d29375bda64080d41087c0c107c,
    type: 3}
  m_PrefabInstance: {fileID: 7989037970578689509}
  m_PrefabAsset: {fileID: 0}
--- !u!1001 &8188075122573303433
PrefabInstance:
  m_ObjectHideFlags: 0
  serializedVersion: 2
  m_Modification:
    m_TransformParent: {fileID: 1225107849390337691}
    m_Modifications:
    - target: {fileID: 881997619724237154, guid: bdaa6b59efa531646a327875f8a0a719,
        type: 3}
      propertyPath: m_StaticEditorFlags
      value: 4294967263
      objectReference: {fileID: 0}
    - target: {fileID: 881997619724237154, guid: bdaa6b59efa531646a327875f8a0a719,
        type: 3}
      propertyPath: m_NavMeshLayer
      value: 1
      objectReference: {fileID: 0}
    - target: {fileID: 881997621589855774, guid: bdaa6b59efa531646a327875f8a0a719,
        type: 3}
      propertyPath: m_StaticEditorFlags
      value: 4294967263
      objectReference: {fileID: 0}
    - target: {fileID: 881997621589855774, guid: bdaa6b59efa531646a327875f8a0a719,
        type: 3}
      propertyPath: m_NavMeshLayer
      value: 1
      objectReference: {fileID: 0}
    - target: {fileID: 3659813852044704392, guid: bdaa6b59efa531646a327875f8a0a719,
        type: 3}
      propertyPath: m_StaticEditorFlags
      value: 4294967295
      objectReference: {fileID: 0}
    - target: {fileID: 4588917149810215981, guid: bdaa6b59efa531646a327875f8a0a719,
        type: 3}
      propertyPath: m_LocalPosition.x
      value: -26.265383
      objectReference: {fileID: 0}
    - target: {fileID: 4588917149810215981, guid: bdaa6b59efa531646a327875f8a0a719,
        type: 3}
      propertyPath: m_LocalPosition.y
      value: -2.3611143
      objectReference: {fileID: 0}
    - target: {fileID: 4588917149810215981, guid: bdaa6b59efa531646a327875f8a0a719,
        type: 3}
      propertyPath: m_LocalPosition.z
      value: 7.5588093
      objectReference: {fileID: 0}
    - target: {fileID: 4588917149810215981, guid: bdaa6b59efa531646a327875f8a0a719,
        type: 3}
      propertyPath: m_LocalRotation.x
      value: -0
      objectReference: {fileID: 0}
    - target: {fileID: 4588917149810215981, guid: bdaa6b59efa531646a327875f8a0a719,
        type: 3}
      propertyPath: m_LocalRotation.y
      value: -0
      objectReference: {fileID: 0}
    - target: {fileID: 4588917149810215981, guid: bdaa6b59efa531646a327875f8a0a719,
        type: 3}
      propertyPath: m_LocalRotation.z
      value: -0
      objectReference: {fileID: 0}
    - target: {fileID: 4588917149810215981, guid: bdaa6b59efa531646a327875f8a0a719,
        type: 3}
      propertyPath: m_LocalRotation.w
      value: 1
      objectReference: {fileID: 0}
    - target: {fileID: 4588917149810215981, guid: bdaa6b59efa531646a327875f8a0a719,
        type: 3}
      propertyPath: m_RootOrder
      value: 4
      objectReference: {fileID: 0}
    - target: {fileID: 4588917149810215981, guid: bdaa6b59efa531646a327875f8a0a719,
        type: 3}
      propertyPath: m_LocalEulerAnglesHint.x
      value: 0
      objectReference: {fileID: 0}
    - target: {fileID: 4588917149810215981, guid: bdaa6b59efa531646a327875f8a0a719,
        type: 3}
      propertyPath: m_LocalEulerAnglesHint.y
      value: 0
      objectReference: {fileID: 0}
    - target: {fileID: 4588917149810215981, guid: bdaa6b59efa531646a327875f8a0a719,
        type: 3}
      propertyPath: m_LocalEulerAnglesHint.z
      value: 0
      objectReference: {fileID: 0}
    - target: {fileID: 5163593600585701521, guid: bdaa6b59efa531646a327875f8a0a719,
        type: 3}
      propertyPath: m_StaticEditorFlags
      value: 4294967263
      objectReference: {fileID: 0}
    - target: {fileID: 5163593600585701521, guid: bdaa6b59efa531646a327875f8a0a719,
        type: 3}
      propertyPath: m_NavMeshLayer
      value: 1
      objectReference: {fileID: 0}
    - target: {fileID: 5163593602216587245, guid: bdaa6b59efa531646a327875f8a0a719,
        type: 3}
      propertyPath: m_StaticEditorFlags
      value: 4294967263
      objectReference: {fileID: 0}
    - target: {fileID: 5163593602216587245, guid: bdaa6b59efa531646a327875f8a0a719,
        type: 3}
      propertyPath: m_NavMeshLayer
      value: 1
      objectReference: {fileID: 0}
    - target: {fileID: 5163593602216790237, guid: bdaa6b59efa531646a327875f8a0a719,
        type: 3}
      propertyPath: m_LocalPosition.z
      value: -4.235
      objectReference: {fileID: 0}
    - target: {fileID: 5163593602216790237, guid: bdaa6b59efa531646a327875f8a0a719,
        type: 3}
      propertyPath: m_LocalScale.x
      value: 1.4531806
      objectReference: {fileID: 0}
    - target: {fileID: 5163593602216790237, guid: bdaa6b59efa531646a327875f8a0a719,
        type: 3}
      propertyPath: m_LocalPosition.z
      value: -4.235
      objectReference: {fileID: 0}
    - target: {fileID: 5163593602216790237, guid: bdaa6b59efa531646a327875f8a0a719,
        type: 3}
      propertyPath: m_LocalScale.x
      value: 1.4531806
      objectReference: {fileID: 0}
    - target: {fileID: 5843792524209438002, guid: bdaa6b59efa531646a327875f8a0a719,
        type: 3}
      propertyPath: m_Name
      value: wall bothside x2 (2)
      objectReference: {fileID: 0}
    - target: {fileID: 5843792524209438002, guid: bdaa6b59efa531646a327875f8a0a719,
        type: 3}
      propertyPath: m_StaticEditorFlags
      value: 4294967295
      objectReference: {fileID: 0}
    - target: {fileID: 8745986502505175931, guid: bdaa6b59efa531646a327875f8a0a719,
        type: 3}
      propertyPath: m_StaticEditorFlags
      value: 4294967295
      objectReference: {fileID: 0}
    m_RemovedComponents: []
  m_SourcePrefab: {fileID: 100100000, guid: bdaa6b59efa531646a327875f8a0a719, type: 3}
--- !u!4 &5624706920751501988 stripped
Transform:
  m_CorrespondingSourceObject: {fileID: 4588917149810215981, guid: bdaa6b59efa531646a327875f8a0a719,
    type: 3}
  m_PrefabInstance: {fileID: 8188075122573303433}
  m_PrefabAsset: {fileID: 0}
--- !u!1001 &8596263318706419514
PrefabInstance:
  m_ObjectHideFlags: 0
  serializedVersion: 2
  m_Modification:
    m_TransformParent: {fileID: 4628566893694628161}
    m_Modifications:
    - target: {fileID: 107544, guid: 2fa97d29375bda64080d41087c0c107c, type: 3}
      propertyPath: m_StaticEditorFlags
      value: 4294967263
      objectReference: {fileID: 0}
    - target: {fileID: 107544, guid: 2fa97d29375bda64080d41087c0c107c, type: 3}
      propertyPath: m_NavMeshLayer
      value: 1
      objectReference: {fileID: 0}
    - target: {fileID: 179298, guid: 2fa97d29375bda64080d41087c0c107c, type: 3}
      propertyPath: m_Name
      value: Lamp (6)
      objectReference: {fileID: 0}
    - target: {fileID: 179298, guid: 2fa97d29375bda64080d41087c0c107c, type: 3}
      propertyPath: m_StaticEditorFlags
      value: 4294967263
      objectReference: {fileID: 0}
    - target: {fileID: 179298, guid: 2fa97d29375bda64080d41087c0c107c, type: 3}
      propertyPath: m_NavMeshLayer
      value: 1
      objectReference: {fileID: 0}
    - target: {fileID: 186052, guid: 2fa97d29375bda64080d41087c0c107c, type: 3}
      propertyPath: m_StaticEditorFlags
      value: 4294967263
      objectReference: {fileID: 0}
    - target: {fileID: 186052, guid: 2fa97d29375bda64080d41087c0c107c, type: 3}
      propertyPath: m_NavMeshLayer
      value: 1
      objectReference: {fileID: 0}
    - target: {fileID: 428016, guid: 2fa97d29375bda64080d41087c0c107c, type: 3}
      propertyPath: m_LocalPosition.x
      value: 4.6
      objectReference: {fileID: 0}
    - target: {fileID: 428016, guid: 2fa97d29375bda64080d41087c0c107c, type: 3}
      propertyPath: m_LocalPosition.y
      value: 3.54
      objectReference: {fileID: 0}
    - target: {fileID: 428016, guid: 2fa97d29375bda64080d41087c0c107c, type: 3}
      propertyPath: m_LocalPosition.z
      value: -7.120002
      objectReference: {fileID: 0}
    - target: {fileID: 428016, guid: 2fa97d29375bda64080d41087c0c107c, type: 3}
      propertyPath: m_LocalRotation.x
      value: 0.00000008146034
      objectReference: {fileID: 0}
    - target: {fileID: 428016, guid: 2fa97d29375bda64080d41087c0c107c, type: 3}
      propertyPath: m_LocalRotation.y
      value: -0
      objectReference: {fileID: 0}
    - target: {fileID: 428016, guid: 2fa97d29375bda64080d41087c0c107c, type: 3}
      propertyPath: m_LocalRotation.z
      value: -0
      objectReference: {fileID: 0}
    - target: {fileID: 428016, guid: 2fa97d29375bda64080d41087c0c107c, type: 3}
      propertyPath: m_LocalRotation.w
      value: 1
      objectReference: {fileID: 0}
    - target: {fileID: 428016, guid: 2fa97d29375bda64080d41087c0c107c, type: 3}
      propertyPath: m_RootOrder
      value: 5
      objectReference: {fileID: 0}
    - target: {fileID: 428016, guid: 2fa97d29375bda64080d41087c0c107c, type: 3}
      propertyPath: m_LocalEulerAnglesHint.x
      value: 0
      objectReference: {fileID: 0}
    - target: {fileID: 428016, guid: 2fa97d29375bda64080d41087c0c107c, type: 3}
      propertyPath: m_LocalEulerAnglesHint.y
      value: 0
      objectReference: {fileID: 0}
    - target: {fileID: 428016, guid: 2fa97d29375bda64080d41087c0c107c, type: 3}
      propertyPath: m_LocalEulerAnglesHint.z
      value: 0
      objectReference: {fileID: 0}
    m_RemovedComponents: []
  m_SourcePrefab: {fileID: 100100000, guid: 2fa97d29375bda64080d41087c0c107c, type: 3}
--- !u!4 &8596263318706057418 stripped
Transform:
  m_CorrespondingSourceObject: {fileID: 428016, guid: 2fa97d29375bda64080d41087c0c107c,
    type: 3}
  m_PrefabInstance: {fileID: 8596263318706419514}
  m_PrefabAsset: {fileID: 0}
