%YAML 1.1
%TAG !u! tag:unity3d.com,2011:
--- !u!243 &-7858264881819186259
AudioMixerGroupController:
  m_ObjectHideFlags: 0
  m_CorrespondingSourceObject: {fileID: 0}
  m_PrefabInstance: {fileID: 0}
  m_PrefabAsset: {fileID: 0}
  m_Name: Danger
  m_AudioMixer: {fileID: 24100000}
  m_GroupID: 9a47dfcae73558043b9564219dbcd7ba
  m_Children: []
  m_Volume: 147f3740ef36d8d468f4e8a24b57cc96
  m_Pitch: 2e551bd8076807a4693337ed38b1f4c8
  m_Send: 00000000000000000000000000000000
  m_Effects:
  - {fileID: -5794171359457267862}
  m_UserColorIndex: 0
  m_Mute: 0
  m_Solo: 0
  m_BypassEffects: 0
--- !u!244 &-5794171359457267862
AudioMixerEffectController:
  m_ObjectHideFlags: 3
  m_CorrespondingSourceObject: {fileID: 0}
  m_PrefabInstance: {fileID: 0}
  m_PrefabAsset: {fileID: 0}
  m_Name: 
  m_EffectID: 0d6beeaf400d2e74d82846df6886484c
  m_EffectName: Attenuation
  m_MixLevel: 95e0ef523a218294dbafaf730aa1580e
  m_Parameters: []
  m_SendTarget: {fileID: 0}
  m_EnableWetMix: 0
  m_Bypass: 0
--- !u!245 &-3277439084705004039
AudioMixerSnapshotController:
  m_ObjectHideFlags: 0
  m_CorrespondingSourceObject: {fileID: 0}
  m_PrefabInstance: {fileID: 0}
  m_PrefabAsset: {fileID: 0}
  m_Name: LevelSafe
  m_AudioMixer: {fileID: 24100000}
  m_SnapshotID: 66d796d5874f9244da5c7626f1f387d9
  m_FloatValues:
    147f3740ef36d8d468f4e8a24b57cc96: -80
    cce6e386a889ccc4385a99edb5afda35: -10
    d178c11826401a5438cb0fc930ec40d2: -5
  m_TransitionOverrides: {}
--- !u!244 &-2635967805423778618
AudioMixerEffectController:
  m_ObjectHideFlags: 3
  m_CorrespondingSourceObject: {fileID: 0}
  m_PrefabInstance: {fileID: 0}
  m_PrefabAsset: {fileID: 0}
  m_Name: 
  m_EffectID: d109d8d248965f04f89cee8dfb95561d
  m_EffectName: Attenuation
  m_MixLevel: a6469641ba32dee45a489930c0d89d41
  m_Parameters: []
  m_SendTarget: {fileID: 0}
  m_EnableWetMix: 0
  m_Bypass: 0
--- !u!244 &-903690532660373687
AudioMixerEffectController:
  m_ObjectHideFlags: 3
  m_CorrespondingSourceObject: {fileID: 0}
  m_PrefabInstance: {fileID: 0}
  m_PrefabAsset: {fileID: 0}
  m_Name: 
  m_EffectID: 8107c13e1590c964990da01b89eda5b3
  m_EffectName: Attenuation
  m_MixLevel: 69f2687524ad1f44e8145736bae0558a
  m_Parameters: []
  m_SendTarget: {fileID: 0}
  m_EnableWetMix: 0
  m_Bypass: 0
--- !u!243 &-233524776242043940
AudioMixerGroupController:
  m_ObjectHideFlags: 0
  m_CorrespondingSourceObject: {fileID: 0}
  m_PrefabInstance: {fileID: 0}
  m_PrefabAsset: {fileID: 0}
  m_Name: Safe
  m_AudioMixer: {fileID: 24100000}
  m_GroupID: f7e7b32f166989d49b894928485e011e
  m_Children: []
  m_Volume: a4897e5566041ed44955ae5def7c7e38
  m_Pitch: 8890c9ce8f14d8d41b9179488f7ef6f1
  m_Send: 00000000000000000000000000000000
  m_Effects:
  - {fileID: -2635967805423778618}
  m_UserColorIndex: 0
  m_Mute: 0
  m_Solo: 0
  m_BypassEffects: 0
--- !u!241 &24100000
AudioMixerController:
  m_ObjectHideFlags: 0
  m_CorrespondingSourceObject: {fileID: 0}
  m_PrefabInstance: {fileID: 0}
  m_PrefabAsset: {fileID: 0}
  m_Name: Music Mixer
  m_OutputGroup: {fileID: 8493388968376911025, guid: dd787ebad979ea046979e84b374786ba,
    type: 2}
  m_MasterGroup: {fileID: 24300002}
  m_Snapshots:
  - {fileID: -3277439084705004039}
  - {fileID: 24500006}
  m_StartSnapshot: {fileID: -3277439084705004039}
  m_SuspendThreshold: -80
  m_EnableSuspend: 1
  m_UpdateMode: 0
  m_ExposedParameters:
  - guid: 97bf118b6e1c3f2479b0089ecc84744e
    name: Volume
  m_AudioMixerGroupViews:
  - guids:
    - 939d4bc62de0c804bb6f09545713a68e
    - 37a4dec1501b6e242aafdfd73f675abf
    - 6afc4011e2cd0be4da60658cd8bf6388
    - f7e7b32f166989d49b894928485e011e
    - 9a47dfcae73558043b9564219dbcd7ba
    name: View
  m_CurrentViewIndex: 0
  m_TargetSnapshot: {fileID: -3277439084705004039}
--- !u!243 &24300002
AudioMixerGroupController:
  m_ObjectHideFlags: 0
  m_CorrespondingSourceObject: {fileID: 0}
  m_PrefabInstance: {fileID: 0}
  m_PrefabAsset: {fileID: 0}
  m_Name: Master
  m_AudioMixer: {fileID: 24100000}
  m_GroupID: 939d4bc62de0c804bb6f09545713a68e
  m_Children:
  - {fileID: 7880940466571209719}
  - {fileID: 1948092303091288239}
  m_Volume: 97bf118b6e1c3f2479b0089ecc84744e
  m_Pitch: b939b7651680a0b4e93a60eb4295236f
  m_Send: 00000000000000000000000000000000
  m_Effects:
  - {fileID: 24400004}
  m_UserColorIndex: 0
  m_Mute: 0
  m_Solo: 0
  m_BypassEffects: 0
--- !u!244 &24400004
AudioMixerEffectController:
  m_ObjectHideFlags: 3
  m_CorrespondingSourceObject: {fileID: 0}
  m_PrefabInstance: {fileID: 0}
  m_PrefabAsset: {fileID: 0}
  m_Name: 
  m_EffectID: 74d900f90b9d7884dbd23186bc5f51d2
  m_EffectName: Attenuation
  m_MixLevel: 53be7a9210f4afe4a924864061aa8b43
  m_Parameters: []
  m_SendTarget: {fileID: 0}
  m_EnableWetMix: 0
  m_Bypass: 0
--- !u!245 &24500006
AudioMixerSnapshotController:
  m_ObjectHideFlags: 0
  m_CorrespondingSourceObject: {fileID: 0}
  m_PrefabInstance: {fileID: 0}
  m_PrefabAsset: {fileID: 0}
  m_Name: LevelDanger
  m_AudioMixer: {fileID: 24100000}
  m_SnapshotID: 7484562a907ba0e4ca482b0582c67be3
  m_FloatValues:
    a4897e5566041ed44955ae5def7c7e38: -80
    cce6e386a889ccc4385a99edb5afda35: -10
    d178c11826401a5438cb0fc930ec40d2: -5
  m_TransitionOverrides: {}
--- !u!243 &1948092303091288239
AudioMixerGroupController:
  m_ObjectHideFlags: 0
  m_CorrespondingSourceObject: {fileID: 0}
  m_PrefabInstance: {fileID: 0}
  m_PrefabAsset: {fileID: 0}
  m_Name: Level
  m_AudioMixer: {fileID: 24100000}
  m_GroupID: 6afc4011e2cd0be4da60658cd8bf6388
  m_Children:
  - {fileID: -233524776242043940}
  - {fileID: -7858264881819186259}
  m_Volume: d178c11826401a5438cb0fc930ec40d2
  m_Pitch: 71139e6a7ad9ccb4d852bd165b874b6e
  m_Send: 00000000000000000000000000000000
  m_Effects:
  - {fileID: 3859770246305429089}
  m_UserColorIndex: 0
  m_Mute: 0
  m_Solo: 0
  m_BypassEffects: 0
--- !u!244 &3859770246305429089
AudioMixerEffectController:
  m_ObjectHideFlags: 3
  m_CorrespondingSourceObject: {fileID: 0}
  m_PrefabInstance: {fileID: 0}
  m_PrefabAsset: {fileID: 0}
  m_Name: 
  m_EffectID: 340a2109ff6a4f4468b80de8b6b34148
  m_EffectName: Attenuation
  m_MixLevel: b6a2ef64cfceb3244b716dd3f775c867
  m_Parameters: []
  m_SendTarget: {fileID: 0}
  m_EnableWetMix: 0
  m_Bypass: 0
--- !u!243 &7880940466571209719
AudioMixerGroupController:
  m_ObjectHideFlags: 0
  m_CorrespondingSourceObject: {fileID: 0}
  m_PrefabInstance: {fileID: 0}
  m_PrefabAsset: {fileID: 0}
  m_Name: Menu
  m_AudioMixer: {fileID: 24100000}
  m_GroupID: 37a4dec1501b6e242aafdfd73f675abf
  m_Children: []
  m_Volume: cce6e386a889ccc4385a99edb5afda35
  m_Pitch: 275f18f6d126ce242b1589162e82ea7d
  m_Send: 00000000000000000000000000000000
  m_Effects:
  - {fileID: -903690532660373687}
  m_UserColorIndex: 0
  m_Mute: 0
  m_Solo: 0
  m_BypassEffects: 0
